1780 3012
13 1686 20 1713 ..ι-ι..
8 1587 23 1681 mecedo«,

13 2117 17 2125 -
13 2067 16 2080 -
13 1999 20 2052 ...-
13 1847 22 1987 -wv‘m-wi
14 1815 21 1828 .,
14 1733 21 1804 uus...

834 90 917 171 22.

103 224 191 255 nus
221 216 345 255 recte
374 214 595 279 disserere
619 214 701 255 tibi
733 215 920 264 videtur,
948 215 1210 266 praesertim
1241 227 1342 256 cum
1371 216 1416 256 in
1447 208 1647 271 Βλισσήν

57 298 68 301 ‘
102 304 216 336 voce
259 295 529 347 digammate
567 308 797 348 nunquam
840 299 996 337 ornata
1037 297 1163 337 nisus
1204 297 1293 337 sit?
1362 297 1450 338 Sed
1489 297 1641 338 videas

105 387 220 428 quae
261 377 308 416 in
348 381 439 418 not.
475 379 530 418 ad
569 373 685 418 Boi„
708 390 748 419 v.
777 377 802 416 2
836 378 1117 429 scripsimus,
1156 389 1215 419 ne
1242 374 1284 415 B
1315 381 1641 420 consonantem

101 455 316 497 vicariam
349 457 406 498 ab
442 461 590 499 aetate
626 459 772 510 priore
801 457 1043 507 abjudices.
1090 457 1208 499 'Jam
1238 468 1345 499 vero
1384 453 1642 498 memineris

35 556 38 558 ·
103 546 295 588 quaeso,
324 538 576 589 Lyttiorum
606 539 819 590 oppidum
847 549 966 579 anno
999 539 1093 579 fere
1120 538 1204 577 220
1234 550 1271 578 a.
1301 538 1401 579 Chr.
1425 549 1462 590 ¹a.
1494 537 1640 579 Gnos-

56 627 62 635 “
105 616 185 659 siis
217 628 322 660 esse
356 629 577 660 eversum.
641 619 812 670 Quodsi
849 618 1009 659 foedus
1046 592 1151 660 ante
1179 619 1266 660 hoc
1301 618 1516 669 temporis
1547 628 1640 658 mo-

28 703 31 705 ’
100 701 306 747 mentum
336 700 491 750 procul
521 700 655 741 dubio
694 701 984 749 factumest,
1026 695 1244 754 perquam
1265 677 1357 741 *est
1385 698 1641 747 verisimile,

104 778 309 830 Oluntios
341 780 482 821 fuisse
508 780 556 821 in
586 792 774 821 numero
806 781 1050 834 sociorum,
1092 781 1169 833 qui
1193 780 1353 832 Lyttiis
1384 782 1489 820 ante
1521 779 1642 830 oppi-

102 859 208 901 dum
238 863 465 901 vastatum
501 859 681 901 foedere
716 862 861 912 juncti
888 863 1025 902 erant.
1084 860 1151 901 Ac
1190 860 1344 901 nescio
1375 871 1433 900 an
1464 859 1642 901 illorum

100 919 268 980 mentio
304 941 383 980 fiat
421 941 468 981 in
503 941 602 982 loco
642 942 717 982 vix
756 942 932 993 integro
973 952 1042 993 ap.
1072 940 1226 992 Polyb.
1257 941 1333 982 IV.
1364 953 1403 982 c.
1437 940 1515 990 53,
1565 919 1642 982 ubi

40 1055 44 1058 .
98 1021 238 1062 verba
267 1021 478 1072 leguntur
505 1022 640 1062 haec:
674 1018 751 1061 καὶ
781 1016 1099 1077 Πολυῤῥήνιοι
1127 1016 1210 1072 μὲν
1235 1017 1312 1061 καὶ
1340 1018 1538 1075 Κερέται
1566 1016 1645 1062 καὶ

99 1098 369 1152 Λαμπαῖοι,
401 1096 518 1156 πρὸς
551 1097 602 1142 δὲ
631 1097 813 1150 τούτοις
830 1091 987 1156 ’Όριοι
1005 1094 1099 1153 μετ’
1121 1093 1364 1156 Ἀρκάδων,
1396 1092 1643 1152 ὁμοθυμα-

22 1191 24 1196 ·
103 1173 183 1219 δὸν
224 1172 507 1229 ἀποστάντες
545 1178 625 1234 τῆς
669 1176 756 1220 τῶν
798 1174 1044 1219 Κνωσσίων
1082 1175 1259 1233 φιλίας,
1312 1173 1511 1234 ἔγνωσαν
1546 1177 1645 1229 τοῖς

100 1255 324 1308 Λυττίοις
339 1260 601 1314 συμμαχεῖν.
654 1262 832 1302 Etenim
854 1272 955 1303 cum
974 1251 1143 1315 ’Όριοι,
1177 1259 1297 1312 quod
1313 1271 1479 1302 nomen
1495 1262 1643 1304 Meur-

101 1340 196 1382 sius
214 1353 257 1393 p.
275 1340 331 1380 49
353 1341 399 1382 in
417 1333 617 1397 Ὠλέριοι
635 1345 790 1391 mutat,
824 1340 1001 1382 aliunde
1023 1351 1113 1381 non
1138 1341 1242 1387 noti,
1255 1340 1359 1388 sint,
1387 1341 1645 1396 scripserim

99 1416 221 1478 πρὸς
260 1417 312 1463 δὲ
351 1416 611 1464 Ὀλούντιοι
634 1405 800 1477 ἱὅρκιοι
834 1424 862 1463 i.
893 1434 931 1463 e.
973 1421 1135 1461 deinde
1173 1423 1323 1462 autem
1362 1421 1531 1464 Oluntii
1566 1421 1643 1462 ob-

104 1502 248 1543 stricti
273 1503 562 1552 jurejurando
590 1513 734 1556 eoque
755 1505 859 1543 ante
882 1503 978 1552 jam
1006 1501 1113 1550 ict0,‘
1141 1501 1222 1542 sed
1250 1500 1369 1542 male
1397 1503 1448 1541 ut
1465 1481 1643 1542 videtur

99 1585 378 1624 conservato.
