1780 3012
0 0 13 112 z

0 191 2 198 r

0 199 16 240 {f

0 243 7 253 τ

819 86 872 125 10

65 205 156 253 ret,
195 205 247 244 ut
276 203 349 245 cui
380 203 702 246 dubitationem
734 214 787 244 ea
817 204 1030 254 moverit,
1071 215 1162 247 non
1201 205 1374 256 majore
1401 202 1609 252 cautione

3 269 7 328 }
65 285 131 325 uti
160 285 376 327 videatur.

2 411 5 462 ἑ

207 366 252 417 d)
283 367 456 408 Deinde
487 378 523 407 π
554 366 926 418 digammatis
957 378 1187 409 munere
1216 367 1365 421 fungi,
1399 371 1506 410 sunt
1532 369 1609 421 qui

2 467 5 486 ι
67 450 227 499 'putent
253 448 299 488 in
317 443 596 487 ΠΟΛΧΟΣ
621 448 665 488 in
696 459 833 489 numo
866 448 1058 490 Cnossio
1087 449 1357 501 ap..Eckhel.
1380 449 1432 499 11,
1445 462 1495 500 Ρ
1509 448 1609 498 3⁰8,

1 589 4 595 ,
68 531 198 580 cujus
228 530 470 581 imaginem
500 530 728 572 Hoeckius
761 530 909 581 operis
951 531 1021 572 sui
1050 530 1137 572 vol.
1167 532 1198 571 1.
1231 530 1408 582 adjecit.
1437 525 1608 583 πόλχος

69 611 190 652 enim
229 611 478 652 mirabilem
513 611 559 663 in
600 611 784 667 modum
822 622 903 662 pro
944 601 1078 661 ὄχλος
1116 612 1352 663 accipitur,
1394 612 1475 653 sed
1505 622 1608 652 cum

58 683 216 744 'neque
245 693 357 733 haec
387 693 672 744 digammatis
707 692 896 732 mutatio
933 703 1081 745 neque
1110 703 1409 734 consonarum
1447 693 1609 744 hyper-

68 767 215 814 thesis‘
237 758 428 815 christi‘o
458 785 500 825 p.
534 772 618 813 246
648 773 915 813 defendente
945 773 1018 813 vix
1046 774 1300 825 probabiles
1327 775 1429 821 sint,
1459 774 1609 826 potius

69 856 219 897 Po'ttio
250 856 319 896 Et.
351 855 533 896 Forsch.
564 856 593 896 Ι.
627 854 958 907 astipulandum
983 859 1096 906 vputo
1136 848 1309 907 πόλχος
1339 855 1395 896 ad
1423 855 1608 906 stirpem

69 931 164 976 πολ
192 930 376 984 (πολύς)
407 937 648 985 revocanti,
680 938 743 977 ita
774 937 954 989 quidem
980 940 1028 976 ut
1059 931 1232 987 πόλχος
1260 948 1363 977 cum
1392 946 1503 977 voce
1529 947 1607 988 po·

68 1016 221 1067 pul-us
261 1019 491 1067 congruat.
553 1017 754 1069 Itemque
788 1012 948 1066 Πάξος
988 1028 1043 1057 ex
1071 1011 1216 1064 Εάξος
1257 1020 1514 1068 corruptum
1543 1017 1608 1056 vi·

69 1096 199 1138 detur
227 1097 314 1138 vid.
346 1107 382 1137 s.
415 1093 473 1149 a).

211 1175 253 1227 e)
293 1177 498 1229 Denique
539 1178 615 1229 qui
654 1178 831 1225 volunt,
880 1177 1106 1227 digamma
1142 1186 1168 1214 ο
1205 1175 1372 1217 vocalis
1411 1176 1607 1226 speciem

68 1257 254 1298 induere
300 1261 463 1309 posse,
525 1260 630 1298 ante
681 1258 830 1298 omnia
880 1268 906 1298 e
954 1257 1143 1298 dialecto
1186 1256 1358 1298 Cretica
1406 1257 1609 1308 exempla

70 1340 416 1380 arcessiverunt.
480 1337 569 1379 Sed
618 1339 774 1378 nescio
826 1350 881 1378 an
929 1340 1057 1384 aliter
1105 1349 1158 1379 ea
1198 1338 1471 1390 explicanda*
1503 1339 1606 1379 sint.

54 1407 230 1468 ’Όαξος
271 1420 404 1467 enim,
447 1419 566 1471 quod
605 1420 692 1475 huc
729 1421 924 1468 trahunt,
964 1421 1027 1476 ita
1058 1421 1108 1458 ut
1138 1412 1307 1466 Ραύξος
1345 1431 1370 1460 e
1401 1412 1609 1467 ΕάΡαξος

71 1500 291 1551 originem
322 1500 511 1540 traxisse
545 1501 641 1550 jam
673 1501 866 1541 vidimus
896 1512 930 1540 s.
961 1500 1017 1549 a).
1060 1522 1114 1528 —
1176 1500 1348 1541 Deinde
1376 1500 1465 1541 huc
1494 1500 1606 1541 refe·

0 1619 1 1622 ,
69 1583 173 1620 runt
199 1572 475 1635 Ὀλισσήν
506 1581 630 1622 urbis
661 1594 824 1623 nomen
856 1583 958 1622 alibi
988 1576 1194 1635 Λισσήν,
1238 1574 1435 1635 Βλισσήν
1473 1581 1607 1623 deno-

0 1651 1 1655 *
70 1661 265 1702 minatae
297 1662 366 1709 (de
396 1662 554 1703 formis
579 1662 714 1703 variis
745 1675 795 1704 ac
816 1657 1006 1718 Ελισσήν
1034 1663 1213 1704 nomine
1242 1673 1476 1714 perperam
1503 1663 1607 1704 ficto

0 1787 6 1800 ,
71 1744 297 1798 ἢεί-ΑΜ.
331 1756 371 1794 p.
405 1742 482 1791 50,
517 1755 553 1784 c.
587 1748 678 1784 not.
712 1748 757 1784 et
786 1757 827 1796 p.
865 1743 954 1795 58).
1012 1736 1283 1796 Ὄλισσήν
1321 1747 1473 1798 autem
1504 1757 1607 1786 cum

72 1824 267 1865 Christio
298 1836 339 1875 p.
375 1823 429 1863 35
464 1824 518 1864 ad
550 1825 733 1884 stirpem
764 1820 838 1879 γλι
874 1826 946 1866 vel
983 1825 1132 1876 potius
1164 1815 1266 1864 ὄλιτ
1305 1824 1608 1865 revocandum

71 1908 153 1953 est,
187 1916 327 1957 quam.
354 1906 530 1946 Curtius
557 1906 645 1945 rad.
679 1906 765 1944 544
796 1916 876 1956 pro
906 1901 1006 1957 γλιτ
1034 1900 1228 1957 (γλιττόν
1257 1905 1382 1955 Hes.)
1415 1907 1608 1956 positam

72 1988 118 2026 in
152 1977 390 2026 ὀλισθάνω
422 1988 643 2038 agnoscit,
674 1987 829 2027 urbem
863 1986 982 2026 enim
1011 1998 1039 2027 e
1070 1987 1199 2038 glitta
1217 1990 1341 2037 petra
1359 1987 1608 2039 propinqua

71 2061 223 2120 (λισσὴ
255 2062 398 2121 πέτρη
430 2067 594 2118 Odyss.
625 2068 705 2115 111,
738 2067 844 2117 293)
875 2067 1134 2107 Hoeckhius
1165 2068 1194 2114 Ι,
1227 2067 1308 2106 411
1343 2078 1507 2108 nomen
1539 2079 1608 2108 ac-

0 2201 3 2203 *
71 2148 246 2197 cepisse
283 2148 548 2198 suspicatur.
609 2142 792 2200 Λισσὴν
829 2150 984 2187 contra
1026 2149 1291 2199 explicatum
1330 2160 1385 2189 ex
1414 2146 1455 2185 Γ
1453 2142 1609 2202 λισσήν

72 2229 219 2276 habet,
248 2229 366 2280 quod
394 2232 540 2269 aetate
571 2228 777 2280 sequenti
809 2228 853 2267 in
876 2221 1128 2282 Βλισσήν
1158 2230 1266 2269 abiit
1294 2230 1457 2280 pariter
1476 2230 1610 2281 atque

71 2305 317 2364 πρέσγυς*)
348 2311 393 2350 in
425 2305 636 2365 πρέσβυς.
668 2331 727 2338 -
786 2294 1272 2363 Denique'Odegnog
1303 2310 1349 2351 in
1379 2310 1446 2351 tit.
1481 2309 1608 2358 2555,

74 2389 126 2428 11
160 2391 407 2441 Lyttiorum
446 2395 492 2432 et
520 2392 699 2442 Hierap.
732 2391 912 2432 foedere
950 2404 990 2431 v.
1026 2389 1094 2430 13.
1137 2390 1213 2438 19,
1251 2391 1365 2431 Ven.
1396 2390 1443 2430 61
1481 2391 1610 2432 Jovis

73 2483 325 2523 cognomen
366 2470 733 2514 Schneidewinus
775 2474 822 2513 in
860 2473 1011 2514 Philol.
1055 2457 1134 2520 ΙΧ,
1181 2471 1264 2511 699
1308 2483 1363 2513 ex
1392 2466 1611 2526 Γράτριος

75 2546 271 2608 (Εράτρα
302 2565 380 2604 pro
410 2547 556 2609 ῥήτρα
583 2556 653 2594 est
682 2554 727 2594 in
758 2555 824 2594 tit.
856 2554 1008 2594 Eliaco
1038 2552 1111 2604 11)
1151 2553 1227 2593 vix
1266 2555 1385 2593 recte
1420 2553 1610 2605 explicat

72 2646 219 2697 neque
258 2635 405 2685 magis
444 2635 655 2675 Boeckhii
685 2637 945 2686 conjectura
979 2630 1205 2689 Φράτριον
1245 2637 1322 2675 aut
1360 2635 1491 2675 lectio
1522 2634 1608 2673 Na-

213 2796 249 2838 *J
278 2795 377 2841 quod
402 2777 572 2832 metibus
598 2796 753 2840 πρεῢγυς
778 2799 835 2831 est
859 2794 903 2831 cf.
928 2794 1017 2831 Ahr.
1044 2794 1075 2840 ξ.
1104 2795 1156 2840 15,
1186 2796 1217 2830 6.
