1780 3012
857 66 884 107 6

102 169 246 231 Ἦλις,
277 180 429 229 vallis,
471 181 528 223 de
560 182 722 235 quibus
752 181 804 224 G.
836 182 1014 225 Curtius
1045 182 1242 226 Grundz.
1275 183 1316 226 d.
1346 184 1419 226 Gr.
1449 186 1643 238 Etymol.

110 263 200 303 rad.
233 263 319 303 530
351 264 476 314 egit).
550 264 679 314 Quod
711 263 896 305 sirecte
926 266 1139 317 suspicati
1170 275 1340 311 sumus,
1363 258 1522 313 Ὀλοῦς
1549 276 1646 306 ver-

114 346 212 385 tere
252 343 391 385 Thale
413 343 448 395 *)
492 356 683 397 cumque
721 343 982 387 Volaterrae
1020 347 1201 388 nomine
1250 345 1293 397 (i.
1328 357 1365 387 e.
1406 346 1645 396 Hohlland)

110 436 382 475 componere
411 426 574 477 possis.

250 506 300 547 In
346 507 446 559 ipsa
491 507 683 560 denique
730 506 1107 559 digammatis
1155 508 1465 549 immutatione
1508 510 1648 551 offen-

111 586 308 628 dendum
338 599 429 629 non
460 590 542 637 est,
575 599 676 628 cum
705 590 886 640 saepius
919 589 1207 641 digammatis
1234 589 1388 630 literae
1418 590 1647 632 invenian-

112 672 184 708 tur
211 669 416 710 vicariae.

252 747 295 800 a)
327 749 438 790 Illud
473 750 594 790 enim
625 750 851 802 integrum
881 749 1049 791 habent
1087 750 1270 792 nomina
1303 751 1437 792 modo
1473 752 1650 803 propria

112 830 245 870 haec:
288 826 564 870 L'EAXAN
598 830 644 870 in
675 839 812 870 numo
843 830 1075 878 Phaestio‚
1114 831 1233 872 unde
1264 831 1490 883 digamma
1524 844 1650 884 repo·

113 911 311 952 nendum
332 916 404 952 est
428 912 473 951 in
500 912 654 962 glossa
674 912 782 952 Hes.
803 909 866 951 Fe
877 906 904 949 λ
912 923 939 961 χ
952 905 1046 951 civo
1060 923 1084 959 ς
1105 920 1116 931 ·
1143 903 1168 951 ὁ
1190 907 1305 961 Ζεὺς
1325 907 1454 967 παρὰ
1477 908 1649 966 Κρησίν

113 989 290 1044 (ultima
319 991 457 1034 verba
485 1002 533 1031 π.
564 988 651 1047 KQ·
685 990 860 1032 emend.
891 990 1132 1046 Pergerus)
1160 1004 1249 1046 quo
1279 993 1336 1034 de
1368 994 1463 1046 egit
1490 992 1649 1035 Seochi

115 1072 258 1114 Giove
287 1073 546 1114 Velchanos
575 1074 704 1114 Rom.
738 1071 851 1112 1840
884 1073 938 1113 cf.
961 1074 1117 1114 Bullet.
1149 1074 1221 1115 del
1244 1076 1352 1115 Inst.
1375 1073 1509 1115 Aroh.
1535 1073 1647 1114 1841

112 1165 155 1204 p.
169 1154 222 1193 61
239 1157 286 1194 et
298 1153 394 1195 174.
435 1155 540 1195 Jam
561 1153 598 1193 si
622 1154 706 1193 viri
728 1154 845 1195 docti
866 1154 1000 1194 modo
1015 1154 1315 1195 Orientalibus
1337 1166 1495 1195 vocem
1513 1155 1650 1195 tribu-

113 1236 243 1274 entes
263 1229 322 1275 b&
342 1237 388 1276 et
410 1242 479 1289 Ἱππ-τ
496 1236 525 1276 i.
539 1246 576 1275 e.
589 1234 701 1275 deus
721 1236 939 1286 propitius
960 1235 1004 1275 in
1025 1234 1206 1275 nomine
1228 1239 1492 1285 agnoscunt,
1513 1235 1649 1276 modo

111 1308 332 1364 Εελχᾶνος
370 1327 472 1356 cum
504 1314 791 1364 „Vulcanus“
817 1315 976 1355 Latino
1006 1315 1078 1355 vel
1108 1326 1209 1354 cum
1242 1304 1375 1364 ὅχλος
1401 1326 1512 1355 voce
1542 1314 1647 1366 (vid.

114 1395 333 1436 Chi-istius
392 1395 567 1436 Grieeh.
614 1395 758 1435 Lautl.
812 1406 855 1445 p.
905 1393 1009 1444 246)
1060 1394 1300 1436 cohaerere
1355 1396 1649 1446 suspicantur,

112 1476 214 1526 quis
254 1478 347 1524 est,
389 1477 517 1526 cujus
548 1475 726 1516 laudem
766 1474 812 1514 hi
849 1473 1034 1514 delaturi
1074 1476 1175 1516 sint.
1247 1476 1464 1527 Equidem
1501 1475 1650 1516 malim

113 1566 274 1596 vocem
325 1568 352 1596 a
394 1557 542 1597 radice
593 1556 735 1608 vargh
785 1556 924 1608 (unde
962 1551 1109 1608 βρὲχω
1154 1567 1233 1607 pro
1271 1551 1421 1609 Γέρχω
1472 1555 1559 1596 vid.
1600 1556 1649 1596 L.

112 1637 271 1688 Meyer
305 1637 459 1688 Vergl.
502 1637 578 1679 Gr.
621 1648 665 1687 p.
695 1635 780 1675 387
823 1636 878 1676 de
917 1632 944 1674 λ.
978 1636 1065 1675 vid.
1109 1641 1202 1677 not.
1247 1637 1303 1678 ad
1342 1629 1651 1691 Βριτόμαρτιν

112 1730 155 1758 v.
173 1716 216 1766 7)
244 1718 493 1758 deflectere.
554 1717 717 1756 Jovem
747 1717 867 1757 enim
892 1716 1140 1757 aCretibus
1171 1717 1337 1757 cultum
1369 1727 1472 1757 esse
1504 1716 1650 1764 deum,

114 1799 189 1851 qui
235 1810 418 1859 campos
455 1797 680 1838 imbribus
731 1800 920 1850 irrigans
973 1797 1244 1838 fertilitatem
1297 1803 1483 1855 augeat,
1542 1797 1651 1838 satis

113 1882 291 1919 constat
326 1863 385 1920 ef.
419 1890 584 1920 nomen
613 1870 901 1934 Ἐπιρνύτιος
930 1878 984 1918 ab
1019 1872 1119 1926 ἐπὶ,
1159 1870 1287 1933 ἔρνυς
1318 1881 1408 1919 not.
1437 1878 1495 1918 ad
1513 1868 1651 1932 ’Ἁρια

111 1972 154 2000 v.
181 1960 221 2002 6.
246 1983 303 1989 —
335 1960 496 2001 deinde
519 1959 714 2000 nominis
734 1959 772 1999 F
782 1953 946 2000 ικαδί
956 1970 1085 2007 ονος
1113 1959 1350 2011 genetivus
1379 1960 1425 1999 in
1447 1961 1513 2000 tit.
1536 1959 1650 1999 2598

113 2041 168 2080 ab
199 2041 400 2082 Ahrente
430 2054 473 2093 p.
503 2040 560 2081 43
591 2042 668 2081 vix
705 2044 825 2082 recte
862 2042 907 2081 in
947 2040 1131 2080 dubium
1160 2043 1349 2081 vocatus
1381 2044 1462 2082 est.
1526 2041 1650 2082 Cete-

111 2133 211 2162 rum
241 2117 464 2163 Fmadt'wv
491 2122 639 2174 prodit
668 2121 787 2161 idem
818 2125 1001 2172 etymon
1032 2121 1164 2171 (forte
1198 2113 1360 2171 εἰκάζω
1387 2132 1466 2172 pro
1495 2116 1652 2162 Fand-

114 2198 191 2251 ζω)
223 2207 359 2255 atque
387 2196 590 2252 Ἰκάδιος,
622 2214 816 2255 quem-e
848 2203 979 2243 Creta
1008 2203 1080 2242 vel
1101 2203 1236 2254 Lycia
1264 2202 1515 2268 profectum
1550 2213 1653 2243 esse

113 2283 315 2334 Delphos
347 2283 532 2325 Servius
564 2285 620 2325 ad
651 2285 762 2325 Aen.
796 2284 866 2330 ΙΙΙ,
908 2282 993 2321 332
1032 2286 1187 2323 auctor
1218 2285 1299 2323 est.
1333 2303 1386 2309 —-
1447 2283 1654 2334 Denique

113 2362 150 2404 F
159 2358 312 2412 άξος,
347 2358 421 2405 Eoi
436 2358 529 2412 ξος
561 2365 725 2415 scripta
756 2367 827 2405 est
845 2366 970 2404 Axus
999 2363 1104 2404 urbs
1125 2364 1171 2403 in
1191 2363 1342 2403 numis
1365 2362 1424 2413 (v.
1448 2364 1652 2415 Pashley.
1692 2387 1694 2390 v

116 2446 149 2491 Ι,
185 2445 283 2486 156.
327 2445 493 2486 Hoeck.
524 2446 554 2492 Ι,
586 2443 684 2484 397.
726 2446 918 2486 Boeekh.
952 2445 997 2486 C.
1025 2446 1067 2486 J.
1092 2445 1143 2491 ΙΙ,
1173 2443 1288 2493 401),
1322 2444 1429 2486 item
1459 2446 1655 2486 nominis
1731 2462 1733 2465 ·

116 2527 297 2579 gentilis
337 2527 576 2579 genetivus
615 2523 790 2576 Εαξίων
831 2528 876 2567 in
916 2528 982 2567 tit.
1025 2528 1135 2567 Vax.
1173 2538 1214 2566 v.
1249 2525 1288 2574 2,
1332 2526 1412 2567 sed
1449 2526 1551 2567 ibid.
1588 2526 1657 2574 13,

119 2607 186 2656 18,
218 2607 273 2646 23
312 2603 515 2656 Βαυξίων
556 2619 610 2649 ex
649 2591 861 2650 B'oeckhii
906 2608 1218 2649 emendatione
1257 2607 1324 2656 (in
1356 2618 1509 2658 apogr.
1539 2603 1657 2645 Σαυ-

260 2755 296 2798 *)
322 2754 366 2790 cf.
393 2754 536 2792 Thale
568 2765 685 2800 pagus
710 2756 772 2792 ille
797 2756 894 2792 inter
916 2759 1060 2793 montes
1083 2754 1289 2801 Hercynios
1313 2753 1416 2789 situs.
