1780 3012
867 86 870 88 -
888 60 914 99 5

135 203 176 230 v.
209 187 263 228 69
291 177 695 240 σωντελέσθαι
724 177 769 230 (1.
804 172 1140 227 συντελεῖσθαι)
1171 181 1217 220 et
1247 170 1399 226 ἀντίος
1426 171 1675 228 ‘taionem

138 270 242 311 ibid.
268 265 330 307 ¹63
372 264 416 313 (1.
448 258 699 313 τελοῦμαι).
741 260 852 300 haec
892 258 1013 299 enim
1041 258 1196 299 malim
1226 260 1281 299 ad
1310 259 1499 300 verbum
1528 251 1673 297 τέλλω

139 343 373 400 (τέλλομαι
410 345 437 385 i.
468 354 507 385 e.
547 343 629 387 fio,
680 338 798 391 sum)
849 348 1083 386 revocare,
1135 350 1269 390 quam
1308 351 1409 380 cum
1454 338 1694 379 Vischero-

135 430 251 469 Mus.
281 425 422 466 Rhen.
453 425 505 465 N.
540 422 584 464 S.
614 422 666 470 X,
697 420 797 462 399.
816 414 827 425 ”
847 419 1059 462 Abrentis
1099 417 1140 469 ξ.
1171 418 1240 468 25,
1274 419 1339 461 la
1371 420 1672 471 suspicionem

136 509 432 559 ampiectente
473 498 694 543 τέλεσθαι
734 501 921 542 verbum
962 510 1053 540 non
1096 503 1372 541 contractum
1408 510 1690 552 agnoscere·

136 610 195 619 —-
252 582 627 637 conjunctivi
656 581 847 634 denique
875 594 956 634 per
985 593 1027 622 ει
1056 581 1206 633 scripti
1235 581 1487 623 audiverint
1516 592 1562 635 ῃ,
1594 592 1669 622 ve·

135 672 200 710 lut
229 663 437 708 συνδοκεῖ
464 670 495 706 t.
518 663 647 712 2557,
668 662 724 703 20
757 651 808 711 ὃς
838 659 889 703 δέ
916 674 974 702 κα
1002 656 1065 716 μὴ
1098 656 1394 717 φυτεύσει,
1423 663 1546 704 Drer.
1571 662 1667 703 160.

135 751 307 790 tantum
335 746 473 799 igitur
503 746 676 793 absum,
710 745 759 784 ut
788 745 903 785 hanc
933 743 1122 784 formam
1152 744 1410 785 Hermanno
1441 745 1495 795 in,
1510 744 1667 785 Philol.
1690 760 1693 762 ·

134 831 205 871 IX.
237 841 278 881 p.
302 827 385 867 701
416 828 661 878 praeeunte
685 835 766 877 pro
797 824 1041 879 indicativo
1065 823 1207 865 futuri
1238 825 1481 874 ⁵venditam,
1508 828 1559 865 ut
1588 835 1668 876 per

133 922 163 965 ῃ
191 911 239 950 in
268 907 606 949 transcribendo
632 907 779 955 titulo,
811 917 899 958 qua
928 905 1102 947 ratione
1122 905 1375 948 Boeckhius
1407 908 1531 959 prius
1553 916 1666 948 usus

135 993 216 1040 est,
245 1000 346 1046 eam
375 987 643 1029 exarandam
674 997 781 1028 esse
812 996 1035 1026 censeam.

275 1069 315 1111 2.
374 1060 739 1121 Βολοεντίος]
771 1068 1014 1119 Rangabeo
1042 1067 1237 1108 nominis
1257 1060 1503 1121 βουλευτής
1525 1065 1669 1108 forma

133 1153 280 1204 aliqua
309 1148 610 1200 intellegenda
646 1148 844 1196 videtur,
886 1149 968 1190 sed
991 1149 1200 1192 versibus
1234 1148 1288 1188 10
1323 1151 1370 1190 et
1400 1147 1452 1187 15
1488 1147 1664 1189 collatis

133 1227 398 1273 Βολοέντιοι
433 1242 598 1271 nomen
625 1230 851 1282 quoddam
882 1231 1049 1282 gentiie
1086 1242 1140 1271 -ac
1170 1231 1352 1283 quidem
1386 1230 1441 1271 ab
1471 1220 1665 1270 Ὀλούν-

132 1324 221 1354 τιοι
238 1312 279 1364 *)
324 1313 398 1353 vix
446 1311 677 1353 diversum
723 1321 971 1363 agnoscere
1012 1312 1177 1353 malim.
1228 1303 1479 1352 Ὀλούντιοι
1527 1310 1662 1359 enim,

134 1394 358 1446 quomodo
382 1392 637 1443 Stephanus
657 1394 766 1444 Byz.
798 1393 974 1433 Oluntis
999 1393 1152 1445 oppidi
1188 1394 1309 1435 cives
1332 1394 1560 1434 audivisse
1588 1404 1664 1433 au-

132 1478 203 1516 tor
233 1478 314 1523 est,
347 1486 402 1515 ex
421 1465 670 1514 Ὀλὸέντιοι
680 1470 737 1525 **)
769 1473 1074 1514 contractione
1102 1477 1250 1515 ortum
1282 1477 1354 1515 est
1372 1474 1442 1523 (cf.
1461 1467 1663 1514 Ὀποῦν-

131 1567 208 1604 τος
246 1558 292 1596 et
317 1546 574 1603 Ὀπόεντος
614 1555 671 1596 ab
695 1547 874 1602 Ὀποῦς
913 1555 1007 1596 sive
1043 1547 1254 1604 Ὀπόεις).
1290 1576 1348 1585 --
1417 1553 1458 1594 Β
1499 1558 1662 1602 autem,

132 1640 181 1677 ut
210 1637 266 1678 de
298 1647 504 1679 consona
532 1647 712 1690 quoque
749 1637 795 1677 in
822 1637 967 1677 fronte
997 1637 1145 1688 posita
1171 1648 1373 1688 agamus,
1405 1637 1565 1689 prioris
1599 1636 1662 1677 di-

132 1719 368 1769 gammatis
395 1719 494 1760 vice
521 1718 734 1771 fungitur.
794 1718 824 1759 J
825 1728 897 1759 am
929 1729 1036 1760 vero
1064 1719 1149 1759 hac
1178 1723 1453 1761 consonante
1487 1720 1665 1760 infirma

132 1810 356 1862 saepeque
377 1800 577 1840 variante
596 1798 737 1840 oculis
767 1799 932 1839 nostris
962 1799 1165 1848 subjecta
1184 1800 1314 1842 liceat
1327 1806 1425 1841 vnon
1446 1800 1579 1841 modo
1597 1804 1661 1841 te-

133 1885 247 1923 stem
276 1882 486 1934 antiquae
516 1880 759 1932 scn'pturae
789 1880 946 1927 citare,
986 1891 1143 1922 verum
1175 1882 1309 1923 etiam
1340 1867 1558 1932 originem
1585 1891 1663 1922 no-

130 1963 261 2004 minis
289 1964 336 2004 in
367 1963 736 2014 disceptationem
763 1972 936 2002 vocare.
1000 1957 1171 2011 Σολοῢς
1193 1964 1311 2005 enim
1336 1965 1381 2005 in
1401 1963 1571 2015 periplo
1591 1974 1659 2014 ap.

131 2045 361 2086 Iriarteum
403 2044 507 2095 (vid.
539 2044 707 2086 Hoeck.
741 2044 879 2085 Kreta
914 2046 1000 2086 vol.
1035 2046 1065 2086 1.
1097 2058 1138 2097 p.
1169 2044 1271 2096 416)
1311 2056 1336 2086 e
1366 2039 1536 2093 Εολοῦς
1567 2046 1669 2086 cor-'

131 2130 310 2177 ruptum
350 2137 453 2168 esse
489 2125 667 2167 videtur
702 2126 864 2176 pariter
906 2130 1041 2179 atque
1074 2120 1238 2174 Σάξιος
1271 2127 1316 2166 in
1352 2126 1467 2167 tituli
1495 2126 1661 2167 Vaxio-

130 2216 228 2246 rum
277 2217 318 2247 n.
352 2206 467 2247 3050
501 2206 766 2258 :apographo
804 2208 999 2260 quodam
1039 2219 1064 2249 e
1103 2200 1265 2255 Εάξιος
1304 2206 1426 2257 (ibid.
1466 2219 1508 2258 p.
1542 2206 1659 2257 397).

132 2286 219 2328 Sed
239 2288 358 2340 quod
379 2288 433 2329 ad
461 2290 643 2340 etymon
667 2289 839 2338 attinet,
870 2290 1110 2331 verisimile
1141 2292 1222 2337 est,
1255 2288 1465 2330 Oluntem
1496 2290 1660 2341 quippe

129 2378 242 2419 quae
265 2360 486 2408 Ἔλοῦντα
511 2368 646 2409 hodie
688 2369 875 2410 audiens
917 2369 1052 2422 (Mus.
1078 2369 1217 2410 Rhen.
1242 2369 1294 2410 N.
1323 2368 1367 2410 S.
1396 2370 1449 2411 X.
1480 2382 1522 2421 p.
1553 2369 1660 2421 394)

46 2455 51 2457 ’
127 2449 233 2491 urbs
261 2451 485 2491 maritima
514 2461 567 2502 ac
595 2461 735 2502 prope
765 2453 942 2491 montes
971 2451 1173 2492 Tellaeos
1204 2455 1347 2501 esset,
1380 2452 1427 2491 in
1458 2451 1573 2493 valle
1605 2453 1661 2492 si-

127 2530 218 2570 tam
264 2530 418 2573 fuisse.
496 2531 636 2583 Igitur
681 2531 816 2583 stirps
865 2530 997 2573 fuerit
1036 2525 1128 2599 Fui.
1168 2531 1305 2580 (unde
1344 2524 1470 2580 ἕλος,
1510 2526 1659 2581 him,

262 2654 300 2698 *)
326 2655 379 2691 sic
410 2655 468 2692 vel
489 2653 678 2691 Ὀλῶντιοι
708 2656 819 2693 etiam
847 2657 1074 2691 Ολοντιοι
1108 2655 1226 2692 forma
1250 2656 1397 2693 brevior
1422 2657 1476 2693 tit.
1497 2664 1585 2693 2554
1615 2668 1661 2693 ex

124 2710 273 2756 antiqua
299 2713 481 2759 scriptura
505 2714 565 2758 (cf.
581 2718 670 2751 nota
694 2713 742 2750 ad
765 2711 828 2752 τὰς
850 2725 880 2749 v.
903 2714 938 2755 2)
963 2712 1058 2749 forte
1084 2714 1356 2760 pronuntianda
1384 2719 1455 2752 est.

266 2769 322 2812 **)
347 2771 444 2807 Urbs
468 2770 619 2808 Meletio
643 2784 678 2818 p.
694 2778 760 2808 409
771 2768 942 2812 Ὅλουλις
968 2776 1034 2817 est,
1056 2783 1177 2809 nonne
1199 2769 1362 2813 Ὀλσύεις
1386 2785 1452 2819 pro
1466 2769 1661 2813 ὈλόΕειςζῡ
