1780 3012
31 188 43 225 ἱ·
105 188 209 235 Sim·
221 180 317 247 (pro
339 185 617 246 ἆπομυθέω)
637 195 826 238 verbum
846 192 1052 239 Cretibus
1079 197 1507 250 proprium-agnovi,
1521 208 1644 250 {qm-

105 286 209 317 cum
240 269 699 328 ἒχεμυθέωΑῆἰοιιω
728 278 790 318 illi
820 279 1091 320 contrarium
1126 289 1384 330 componas.
1428 323 1430 325 ,
1452 279 1564 321 Item
1592 278 1644 321 li·

17 371 19 390 ι
103 360 201 399 tera
231 358 411 405 canina,
455 369 569 410 quae
607 369 708 399 cum
740 369 939 400 consona
968 360 1251 402 antecedenti
1279 361 1438 410 juncta
1464 363 1555 410 est,
1594 361 1642 401 in

102 439 293 480 vicinam
316 439 544 490 ⁴syllabam
566 439 847 481 transiluisse
876 441 1028 483 minus
1048 445 1171 484 recte
1195 442 1404 482 statuitur
1430 442 1477 481 in
1496 435 1641 496 1306-

103 531 239 569 ταχο
252 531 288 568 ς,
309 518 427 574 quod
445 530 472 559 a
485 513 725 574 Βάτραχος
744 521 862 562 haud
885 522 1018 563 dubie
1040 522 1335 570 distat.(aliter
1350 522 1410 563 Μ.
1429 521 1642 563 Schmidt.

12 595 15 613 ¹
101 601 211 642 Hes.
239 601 272 643 Ι.
303 613 345 652 p.
371 599 470 649 386,
500 599 591 653 42),
619 612 712 642 non
744 604 863 644 enim
896 604 1033 645 miras
1059 604 1282 656 ejusmodi
1307 604 1475 645 formas
1503 603 1642 644 Creti-

3 659 8 680 ¹
101 681 186 722 bus
232 681 485 731 tribuerim,
540 684 746 735 quamvis
798 684 1074 726 diversarum
1116 686 1371 737 linguarum
1420 694 1642 726 concursu

100 763 345 815 perturbati
363 764 519 805 Cretes
537 767 691 807 contra
721 766 964 820 genuinam
985 765 1197 807 Doridem
1226 765 1400 815 facilius
1425 769 1639 815 peccasse

98 843 179 883 tibi
208 843 483 884 viderentur.⁴
1184 892 1186 895 ,

240 922 279 963 7.
340 918 805 977 Βρ(ι)τόμαρτιν]
857 926 973 965 hanc
1015 925 1148 966 deam
1188 935 1280 965 non
1318 925 1453 966 modo
1495 924 1639 966 Drerii

97 1015 140 1043 v.
178 1001 258 1050 29,
294 1014 450 1043 verum
491 1003 626 1043 etiam
667 1003 835 1045 Oluntii
886 1007 931 1045 et
971 1005 1084 1046 Latii
1125 1005 1172 1045 in
1217 1004 1283 1045 tit.
1322 1003 1438 1044 2554
1465 1005 1637 1055 jurant.

98 1085 337 1125 Praeterea
366 1085 646 1127 Britomartis
688 1085 973 1126 simulacrum
1011 1097 1037 1125 a
1066 1086 1263 1127 Daedalo
1305 1086 1472 1127 factum
1503 1086 1640 1127 Olun-

98 1166 149 1206 tii
181 1165 394 1206 habuisse
420 1168 655 1206 narrantur
685 1177 711 1205 a
741 1166 962 1206 Pausania
991 1168 1146 1207 Boeot.
1182 1166 1251 1207 IX.
1282 1178 1332 1207 c..
1350 1166 1421 1215 40,
1453 1165 1494 1207 3.
1549 1164 1638 1207 Sed
1692 1156 1694 1158 '

100 1248 221 1299 quod
249 1247 306 1287 ad
335 1247 508 1297 Lyttios
542 1247 711 1304 attinet,
743 1250 925 1296 portum
953 1249 1073 1287 certe
1099 1247 1310 1299 Lyttium,
1344 1248 1418 1300 qui
1448 1247 1638 1288 Cherso-

4 1340 5 1347 ¹
52 1339 57 1344 ·
97 1337 237 1369 nesus
286 1325 674 1374 denominabatur‚
729 1327 1009 1368 Britomartis
1058 1327 1169 1368 deae
1217 1327 1384 1379 templo
1430 1329 1636 1368 ornatum

97 1410 425 1450 fuisse.auctor
458 1410 529 1453 est
561 1406 718 1448 Strabo
747 1409 798 1448 X.
839 1420 881 1458 p.
914 1407 1013 1448 479.
1073 1410 1176 1450 Jam
1210 1420 1317 1449 vero
1358 1408 1405 1448 in
1433 1418 1636 1459 perscru-

97 1491 234 1533 tando
279 1489 475 1531 nominis
496 1491 665 1540 ‚etymo
701 1500 785 1531 nos
824 1489 1039 1539 adjuvant
1078 1491 1257 1541 glossae
1302 1491 1409 1532 Hes.
1440 1483 1634 1544 βριτύ·

96 1565 230 1627 γλυκύ
271 1569 470 1626 Κρῆτες,
499 1574 563 1620 ,οι
602 1563 1023 1625 Βριτόμαρτις·
1063 1563 1109 1611 ἐν
1146 1565 1303 1627 Κρήτῃ
1352 1560 1635 1626 vitamque,

98 1640 203 1694 ant‘e
237 1652 389 1693 omnia
418 1651 557 1692 verba
586 1650 858 1694 So1inic.11
891 1662 934 1702 p.
956 1649 1009 1691 21
1041 1633 1094 1693 e.
1112 1664 1153 1704 p.
1175 1651 1256 1691 121
1291 1652 1378 1705 (ed.
1408 1649 1634 1702 salmas.»

101 1734 284 1781 „Cretes
311 1733 500 1774 Dianam
533 1733 872 1785 religiosissime
901 1736 1172 1775 venerantur
1197 1733 1494 1774 Britomarten
1527 1743 1634 1784 gen-

96 1816 232 1856 tiliter
263 1815 570 1863 nominantes,
611 1815 729 1868 quod
759 1825 968 1855 sermone
998 1818 1154 1855 nostro
1181 1817 1321 1856 ‚sonat
1355 1816 1633 1866 virginem

98 1894 374 1936 dulcem.“
432 1888 740 1948 Βριτόμαρτις
769 1895 890 1934 enim
930 1897 1054 1935 esset
1095 1895 1135 1934 si
1174 1894 1280 1945 quid
1317 1896 1449 1935 video
1487 1894 1635 1946 Attice

96 1969 408 2030 Βλιτόμαρτις
447 1973 522 2026 (de
554 1975 690 2026 stirpe
719 1969 820 2025 βλιτ
854 1975 903 2015 in
937 1969 1103 2027 βλίττω
1137 1987 1193 2017 ex
1222 1969 1524 2027 μ(ε)λ-ι’τ-τω,
1564 1974 1634 2024 cui

100 2058 349 2099 dulcedinis
388 2056 513 2097 notio
554 2055 695 2102 inest,
734 2055 820 2095 vid.
858 2056 914 2097 H.
959 2057 1127 2099 Weber.
1163 2058 1231 2098 Et.
1272 2058 1448 2099 Unters.
1489 2067 1532 2107 p.
1564 2054 1635 2105 83,

97 2139 153 2180 de
183 2151 211 2194 ρ
241 2150 322 2190 pro
354 2133 380 2176 λ
406 2137 555 2185 infra).
614 2136 788 2177 Deinde
828 2141 878 2178 ut
920 2113 979 2178 ad
1015 2138 1200 2179 alteram
1232 2138 1433 2179 nominis
1461 2139 1634 2189 partem

96 2224 408 2266 transeamus,
440 2218 694 2259 Dethierius
732 2217 771 2268 ᾧ.
804 2217 871 2259 25.
906 2220 1085 2265 „Verita
1114 2220 1286 2260 Marta“
1317 2219 1391 2259 vix
1420 2222 1542 2260 recte
1574 2219 1633 2259 ci-

95 2304 183 2350 tat,
237 2311 352 2353 quae
392 2298 531 2340 verba
572 2299 889 2341 Mordtmanno
939 2303 1058 2341 teste
1102 2299 1219 2351 apud
1253 2296 1415 2341 Persas
1454 2303 1636 2343 veteres

102 2392 268 2433 „parva
295 2380 470 2432 puella“
505 2379 771 2432 significant.
835 2380 924 2423 Sed
955 2393 1057 2423 cum
1079 2380 1272 2432 juvenes
1293 2382 1481 2434 saepius·
1504 2393 1531 2423 a
1556 2394 1632 2424 ve-

95 2466 201 2516 geto
236 2463 380 2511 nitore
422 2472 589 2502 nomen
637 2463 913 2511 invenerint,
964 2463 1112 2514 aptius
1148 2462 1455 2513 Legerlotzius
1494 2463 1549 2503 K.
1583 2464 1630 2504 Z.

96 2543 211 2584 1859
239 2544 352 2585 VIII.
390 2556 432 2595 p.
466 2542 551 2582 127
592 2537 755 2598 μάρτις
786 2555 942 2585 vocem
985 2548 1029 2586 et
1067 2535 1264 2598 μαρνᾶν-,
1308 2543 1387 2583 sed
1426 2544 1513 2585 hoc
1551 2546 1632 2585 mi·

93 2635 180 2667 nus
208 2629 342 2672 recte,
356 2621 396 2674 *J
434 2625 570 2665 radici
599 2636 693 2679 μαρ
736 2625 890 2665 tribuit
918 2624 1054 2676 (unde
1083 2618 1363 2679 μαρμαίρω).
1425 2624 1632 2665 Ceterum

218 2713 267 2784 l*)
296 2737 420 2783 Steph.
444 2737 614 2784 Byzantii
636 2738 747 2774 Ethn.
774 2749 800 2774 s.
825 2751 855 2774 v.
879 2735 987 2781 Γάζα
1018 2734 1039 2784 ἠ
1052 2735 1162 2772 ἔνθεν
1189 2735 1253 2771 καὶ
1277 2735 1322 2771 τὸ
1345 2738 1413 2772 τοῦ
1438 2736 1632 2782 Κρῃταίου

88 2794 183 2837 Διὸς
207 2792 295 2841 παρ’
320 2791 452 2836 αὐτοῖς
475 2791 592 2841 εἶναι,
625 2792 669 2831 ὃν
691 2794 756 2831 καὶ
777 2793 865 2831 καθ’
887 2794 986 2843 ἡμᾶς
1007 2794 1167 2832 ἐκάλουν
1189 2794 1359 2841 Μαρνοὶν
1386 2792 1635 2865 ἕρμηνεὺᾷμεὲ
