1780 3012
740 94 759 111 t
826 134 835 140 „
903 72 962 118 2⁷

164 195 297 240 lectio
326 188 633 250 quiduapyw
668 191 792 235 Drer.
823 193 893 234 29.
919 194 1039 235 haud
1079 194 1211 236 dubie
1244 190 1457 247 lapicidae
1491 192 1695 236 debetur:

166 290 226 310 ...-
274 254 398 318 'Jamx
425 276 471 315 in
503 275 761 327 apographo
796 279 867 316 est
894 269 1211 330 Βρυτόμαρτιν
1240 276 1359 316 haud
1388 276 1521 318 dubie
1561 288 1588 318 a
1615 274 1695 318 de*

168 358 388 401 scribente
415 355 677 408 profectum,
708 356 871 408 'quippe
902 356 1187 408 qul·formam
1209 357 1297 397 huc
1326 368 1472 410 usque
1491 359 1695 411 ignotam

167 438 343 482 silentio
381 435 714 489 praetermittat.
762 436 875 477 Sed
914 437 1250 478 concedendum
1293 440 1364 478 est
1402 440 1536 480 etiam
1574 437 1695 494 Βρυ-

166 512 384 574 τόμαρτις
413 514 488 571 (ex
514 497 916 571 μ(ε)ρ-υτομαρτις)
944 528 971 557 a
1002 516 1138 569 stirpe
1173 494 1257 568 ’μελ
1290 517 1364 559 vel
1392 530 1477 573 μερ
1506 520 1696 572 explica⁶

167 592 266 642 tum·
291 590 457 639 habere
484 599 549 638 ita
577 597 757 649 quidem
776 601 839 638 >ut
864 598 988 639 radix
1018 599 1225 640 suffixum
1254 611 1308 639 υτ
1336 602 1641 652 assumpserit.
1656 598 1695 652 *)

168 682 301 722 Esset
328 682 507 726 autem,>
537 677 657 730 quod
689 677 745 718 ad
775 678 1138 734 inclinamentum
1170 680 1351 730 attinet,
1381 675 1696 736 Βρυτόμαρτιν

166 774 205 802 a·
224 754 529 815 Βριτόμαρτιν
549 759 703 809 -plane
743 760 980 800 diversum.
1047 762 1151 801 Jota
1192 763 1310 802 enim
1348 763 1393 802 in
1432 775 1459 801 v
1495 763 1697 802 vocalem
1779 781 1780 794 κ

169 837 304 884 abire
327 851 417 882 non
455 839 595 889 solet;
638 839 796 881 citabis
825 840 1008 881 forsitan
1046 852 1125 892 pro
1161 832 1308 889 ἵππος
1336 852 1447 882 voce
1476 841 1699 882 Creticam

142 916 333 996 ἔππος,
362 929 496 972 quam
524 921 775 961 Boeckhius
806 931 862 961 ex
885 911 1126 976 Ὑππάγρα
1157 925 1201 962 et
1226 906 1462 962 Ὑππασία
1488 921 1553 962 tit.
1583 908 1699 959 2554
1778 904 1780 941 3

166 990 211 1043 ll.
250 1000 347 1042 106.
387 999 468 1040 107
511 1000 764 1052 expiscatus
805 1004 887 1042 est.
930 1000 1010 1042 sed
1050 994 1205 1051 ῧππος
1242 1014 1332 1044 non
1371 1003 1521 1045 minus
1562 999 1698 1055 quam
1778 1040 1780 1045 .

166 1074 313 1130 ἵππος
350 1092 430 1134 pro
473 1074 633 1129 ἅππος
670 1081 835 1123 dictum
871 1085 941 1122 est
988 1081 1060 1133 (cf.
1088 1084 1137 1125 L.
1171 1084 1339 1135 Meyer.
1370 1085 1399 1125 1.
1421 1076 1457 1124 >l.
1497 1095 1539 1134 p.
1574 1076 1698 1133 120),

170 1163 350 1214 saepius
381 1163 500 1203 enim
531 1172 558 1200 v
589 1172 645 1202 ex
675 1173 705 1201 α
727 1161 878 1203 ‘vocali
908 1164 1138 1214 processit,
1170 1164 1295 1205 velut
1323 1167 1373 1205 ut
1404 1165 1490 1205 alia
1522 1155 1699 1205 omitta⁴

168 1250 270 1283 mus
298 1243 346 1282 in
376 1241 530 1293 glossa
559 1242 665 1283 Hes.
698 1236 937 1297 ῥυστόν·
969 1237 1081 1296 δόρυ
1099 1239 1273 1297 Κρῆτες
1302 1245 1379 1285 ubi
1409 1243 1699 1297 agnoscenda

169 1323 280 1365 mihi
318 1323 497 1364 videtur
521 1323 655 1375 stirps
687 1323 763 1363 rad
795 1322 839 1375 (i.
873 1335 910 1364 e.
945 1324 1164 1372 schaben‚
1205 1335 1292 1377 quo
1323 1327 1512 1367 verbum
1542 1326 1697 1367 radere

170 1405 343 1455 spectat
376 1404 464 1445 vid.
505 1404 551 1443 L.
591 1404 749 1455 Meyer
788 1416 830 1454 p.
863 1402 949 1443 383
988 1407 1034 1444 et
1071 1400 1359 1462 ῥυ(σ)θῆναι·
1386 1430 1443 1436 -
1476 1402 1700 1461 ξυσθῆναῐ

168 1485 278 1526 Hes.
303 1492 365 1525 ‘ex
396 1484 628 1526 Schmidtii
658 1483 868 1536 emend.).
930 1486 1081 1527 Fuerit
1118 1488 1255 1540 igitur
1290 1483 1450 1543 ῥυστόν
1481 1485 1557 1541 (ex
1585 1481 1697 1542 ῥαδι

168 1562 261 1617 τόν)
290 1567 464 1619 proprie
498 1567 635 1613 „rasa
665 1567 808 1608 hasta.
824 1571 844 1589 “

307 1647 396 1689 Sed
435 1642 564 1704 βριτύ
593 1649 654 1690 -ad
682 1649 865 1701 stirpem
895 1646 998 1702 βλιτ
1027 1654 1158 1692 antea
1192 1651 1524 1699 revocavimus,
1558 1653 1700 1692 restat
1764 1643 1779 1649 ’

167 1729 304 1782 igitur
342 1733 393 1771 ut
433 1730 487 1770 de
529 1727 557 1785 ῥ
595 1733 642 1771 et
679 1725 706 1769 λ
751 1740 1049 1773 consonarum
1095 1732 1362 1784 cognatione
1409 1732 1698 1774 disseramus.

168 1813 265 1853 Hae
293 1812 416 1852 *enim
445 1810 639 1863 liquidae
668 1811 733 1851 ita
761 1811 844 1851 sibi
877 1812 1047 1854 similes
1077 1816 1201 1861 sunt,
1236 1817 1287 1853 ut
1316 1815 1532 1854 vocabula
1562 1825 1698 1866 quae-

169 1892 270 1934 dam
310 1892 446 1934 modo
485 1886 564 1943 per
591 1903 622 1953 ρἸ
648 1891 780 1932 modo
810 1887 837 1931 λ
867 1893 1118 1934 scribantur
1156 1904 1298 1946 eaque
1338 1905 1429 1935 non
1467 1895 1613 1935 solum
1651 1894 1700 1935 in

169 1974 357 2016 diversis
389 1974 609 2022 dialectis,
649 1960 971 2015 verumetiam
1003 1974 1050 2014 in
1080 1986 1170 2024 una
1199 1975 1460 2028 eademque.
1532 1975 1701 2027 Quodsi

169 2067 195 2096 a
222 2056 378 2110 lingua
403 2056 596 2098 Zendica
624 2052 650 2095 λ
676 2066 875 2097 consona
899 2055 1030 2108 plane
1060 2059 1131 2097 est
1162 2056 1318 2104 aliena,
1346 2057 1461 2097 hanc
1489 2055 1701 2109 liquidam

166 2201 234 2226 νον
249 2192 486 2242 Κρηταγενῆ·
509 2187 579 2231 τὰς
602 2187 824 2235 παρθένους
846 2188 917 2237 γὰρ
937 2185 1057 2232 οὕτως
1076 2192 1219 2237 Κρῆτες
1242 2190 1564 2237 προςαγορεύουσι
1577 2192 1624 2227 M
1630 2203 1702 2237 αρ-

168 2247 280 2284 νάν.“
332 2250 507 2287 Similiter
530 2250 669 2286 Paulus
700 2250 803 2287 Diac.
835 2251 910 2287 vita
933 2251 1129 2297 Porphyrii
1163 2263 1192 2288 c.
1220 2258 1251 2287 8.
1277 2259 1307 2287 9.
1340 2259 1381 2287 10
1415 2256 1549 2297 „erant
1580 2255 1702 2288 autem

168 2309 207 2344 in
238 2304 332 2345 ‘ur'be
367 2307 517 2354 (Gazae)
552 2303 831 2350 simulacrorum
858 2308 1008 2354 publica
1040 2314 1143 2356 octo,
1176 2320 1307 2356 nempe
1333 2328 1377 2335 -
1405 2313 1442 2345 et
1474 2308 1701 2354 Marnion,

168 2366 267 2414 quod
307 2366 478 2404 dicebant
514 2376 597 2403 esse
633 2367 850 2413 Cretigenae
888 2366 1028 2404 Jovis.“
1101 2368 1325 2415 Plerumque
1355 2364 1523 2412 Μαρνᾶς
1557 2367 1604 2404 ad
1639 2367 1700 2400 *⁸⁷2

169 2426 404 2473 Syriacum'i.
429 2435 458 2461 e.
487 2424 657 2461 dominus
689 2429 884 2462 revocatur
914 2425 958 2461 cf.
985 2425 1136 2462 Movers
1165 2427 1343 2463 Phoenik.
1368 2427 1402 2472 1,
1432 2432 1499 2461 663
1527 2430 1564 2460 et
1592 2425 1636 2460 K.
1659 2425 1704 2464 Β.

169 2483 279 2520 Stark
303 2483 407 2520 Gaza
430 2495 465 2519 u.
490 2482 523 2520 d.
553 2482 689 2530 philist.
710 2483 861 2520 Kueste.
891 2477 973 2521 Jen.
998 2490 1085 2520 1852
1116 2496 1150 2530 p.
1177 2489 1262 2530 577,
1294 2484 1356 2530 qui
1383 2483 1509 2519 Cretes
1544 2482 1701 2535 antiquis

167 2546 227 2578 tus
261 2553 345 2579 cum
377 2542 534 2580 Gazaeis
567 2541 857 2578 communicasse
892 2543 1038 2578 omnino
1067 2542 1106 2578 in
1140 2542 1290 2578 dubium
1321 2546 1428 2577 vocat
1461 2544 1571 2585 atque
1604 2550 1701 2585 quae

166 2598 240 2640 hac
270 2598 316 2635 de
346 2609 388 2636 re
413 2603 612 2638 narrantur
641 2609 724 2635 esse
756 2598 843 2635 ficta
874 2600 1013 2635 statuit.
1063 2600 1135 2637 Sed
1161 2600 1336 2646 Stephani
1364 2599 1476 2634 verba
1507 2596 1574 2638 τὰς
1605 2608 1704 2641 παρ-

168 2653 308 2698 θένους
333 2645 421 2703 q'uid
446 2656 516 2693 sibi
541 2656 664 2703 velint,
689 2668 764 2693 non
792 2657 958 2704 dixerim,
983 2658 1054 2694 nisi
1083 2658 1177 2694 forte
1204 2669 1250 2694 ex
1274 2653 1364 2697 τοὺς
1387 2656 1599 2697 πανθείους
1628 2656 1703 2703 „di-

169 2714 395 2752 vinissimos“
424 2719 599 2761 corrupta
627 2720 722 2751 sunt.

296 2785 339 2828 r²⁸‘)
363 2795 487 2822 nonne
515 2784 561 2822 de
585 2783 722 2833 βρύτεα
746 2787 887 2834 bryssa,
912 2787 1033 2824 brissa
1056 2786 1152 2823 idem
1176 2786 1299 2823 valet?
