1780 3012
759 159 1208 227 ΙΝΒΕΧ.’

1618 381 1697 416 εις.

159 414 1020 473 Deavocalimutatainvps..
1072 457 1574 469 ........
1634 431 1692 470 2⁷
1776 452 1780 475 3

158 513 224 552 De
249 522 280 551 α
308 510 452 558 vocali,
478 521 583 560 quae
607 509 906 561 hyperdorismo
937 510 1102 551 debetur
1140 536 1573 549 .......
1633 511 1689 550 29

157 593 223 633 De
252 578 429 644 aspirata
457 588 588 629 vocali
615 595 770 630 mutata
796 591 839 630 in
868 591 1041 631 mediam
1072 617 1575 629 ........
1637 589 1688 630 15

157 674 223 713 De
254 671 431 724 aspirata
458 670 591 710 vocali
618 675 773 710 mutata
787 672 840 711 'in
867 677 1029 712 tenuem
1070 698 1572 711 ........
1636 672 1689 711 16

156 753 222 793 De
249 749 534 791 assimilatione
561 762 827 790 consonarum
863 780 873 790 .
932 780 942 790 .
1001 780 1011 790 .
1072 781 1082 791 .
1143 779 1153 808 3
1212 777 1572 792 ......
1636 736 1744 798 ll*

156 821 221 873 De
252 832 494 884 digammate
523 829 565 869 in
594 828 772 871 fontibus
802 837 960 872 servato
996 858 1573 873 .........
1663 821 1695 871 θ’
1766 864 1771 868 .

155 914 221 954 De
251 912 492 965 digammate
521 914 676 950 mutato
701 912 745 950 in
772 909 815 950 Β
852 940 862 951 .
922 941 933 952 .
994 940 1005 951 .
1063 920 1073 951 ·.
1133 938 1498 951 ......
1542 940 1570 963 ᾖ.
1662 912 1688 950 7

154 995 221 1035 De
250 979 493 1046 digammate
522 997 677 1031 mutato
708 992 750 1031 in
777 990 837 1032 P?
925 1020 935 1031 .
995 1021 1005 1031 .
1060 1020 1064 1023 -
1067 1019 1572 1033 ........
1661 993 1687 1033 9

154 1074 220 1115 De
276 1073 489 1126 'gammate
513 1051 672 1112 mutato
701 1072 745 1111 in
774 1069 850 1111 11?
879 1069 882 1072 ⁴
922 1052 934 1111 ,Ι
992 1100 1356 1112 ......
1369 1049 1375 1051 >
1416 1101 1426 1111 .
1487 1101 1497 1111 .
1557 1102 1568 1112 .
1633 1073 1686 1113 10

154 1073 491 1205 Βθςιὶἕαωωαῐο
518 1131 672 1191 mutato
701 1154 759 1192 in'
780 1148 849 1195 Q?
924 1180 1568 1194 ..........
1635 1153 1686 1193 10

153 1234 219 1274 De
241 1237 271 1274 ἐ
300 1219 431 1273 vocali
460 1232 609 1286 scripta
634 1246 708 1285 pro
736 1245 764 1287 η
793 1235 859 1274 vel
886 1246 928 1274 ει
993 1261 1498 1274 ........
1552 1256 1570 1272 -.
1657 1234 1686 1273 4

152 1315 218 1355 De
245 1311 391 1355 futul'is
420 1314 463 1353 in
495 1311 552 1352 ίω
581 1312 851 1354 desinentibus
919 1340 1569 1355 ..........
1629 1313 1686 1353 28

151 1398 217 1438 De
245 1398 330 1437 iota
347 1397 489 1449 -posito
516 1411 590 1450 pro
622 1409 645 1438 ε
674 1397 805 1438 vocali
846 1423 1566 1438 ...........
1628 1396 1683 1434 21
1762 1405 1768 1410 ·

151 1479 217 1520 De
245 1479 330 1519 iota
357 1472 524 1529 antiquo
553 1481 712 1519 servato
772 1504 1567 1518 ............
1628 1476 1683 1515 23

151 1560 217 1599 De
245 1559 379 1599 media
407 1560 537 1622 vooali
566 1564 723 1599 mutata
752 1559 794 1597 in
824 1563 983 1598 tenuem
1062 1585 1567 1599 ........
1630 1540 1685 1597 14

150 1639 215 1681 De
245 1651 271 1681 o
302 1639 434 1681 vocali
463 1644 553 1679 orta
581 1652 634 1679 ex
660 1650 689 1680 v
770 1666 1567 1680 ............
1629 1638 1687 1679 24

149 1720 215 1759 De
245 1732 271 1761 ο
301 1720 432 1760 vocali
460 1720 609 1772 scripta
636 1732 710 1772 pro
743 1732 780 1759 ω
811 1721 876 1760 vel
904 1731 958 1761 ov
996 1746 1569 1759 .........
1655 1719 1685 1758 4

152 1801 217 1842 De
243 1797 272 1858 ῥ
301 1808 545 1842 consonante
572 1806 726 1841 mutata
753 1801 796 1840 in
823 1796 852 1841 λ
919 1827 1567 1840 ..........
1627 1799 1683 1838 27

153 1882 218 1922 De
248 1892 277 1923 σ
307 1894 484 1922 consona
512 1887 600 1922 orta
629 1894 682 1921 ex
710 1879 748 1922 θ
778 1905 1568 1922 ............
1628 1879 1683 1919 23

151 1962 217 2002 De
245 1963 357 2002 tenui
382 1975 557 2002 consona
585 1967 740 2001 mutata
774 1963 817 2002 in
847 1963 1064 2014 aspiratam
1133 1987 1567 1999 .......
1630 1961 1683 1999 17

149 2042 215 2084 De
239 2042 473 2096 traiectione
493 2043 700 2084 literarum
777 2068 1566 2084 ............
1626 2038 1680 2080 25
