1780 3012
892 51 917 91 7

138 172 277 227 gem).
345 175 448 215 Jam
476 182 586 214 vero
617 181 718 212 cum
732 158 868 219 ’Άξος
895 180 1079 218 nomen,
1108 170 1226 222 quod
1246 170 1471 222 Stephano
1484 153 1670 218 ’Όαξος,

138 256 312 308 Scylaci
342 248 497 301 Πᾶξος
527 254 618 298 est,
662 262 763 291 cum
791 239 938 303 ὄγμος
977 250 1021 299 (a
1044 246 1259 303 Εάγνυμι)
1292 261 1541 302 congruere
1572 249 1669 290 Ste-

46 314 56 325 X*
137 339 312 390 phanus
343 337 449 387 Byz.
481 345 516 376 s.
545 344 588 374 v.
610 322 782 381 ’Όαξος
811 334 940 373 autor
971 332 1053 379 sit,
1082 341 1172 371 non
1207 331 1461 373 dubitamus
1490 331 1547 372 H.
1573 331 1669 371 We-

138 420 245 459 bero
277 416 506 467 astipulari
530 414 752 466 duplicem
783 414 973 454 formam
994 412 1219 464 antiquam
1247 413 1504 473 aerquidem
1526 405 1671 460 Γάξος

139 503 185 541 et
203 498 550 549 reduplicatione
583 498 758 536 auctam
775 489 985 543 ΡαΕαξος
1005 493 1293 545 agnoscenti,
1324 494 1441 534 unde
1460 487 1672 541 Εαῦξος
1706 482 1713 486 ’
1770 541 1774 560 ²

140 581 212 631 (ex
246 572 517 629 ΕαΕ[α]ξος,
570 576 697 617 aliter
737 576 873 616 sentit
912 575 1130 616 Christius
1173 587 1216 625 p.
1248 570 1349 624 190)
1394 575 1439 613 et
1463 563 1672 620 ’Όαξος

141 660 187 711 (i.
219 670 257 700 e.
290 651 510 706 FoFagog)
551 658 648 696 orta
679 656 780 696 sint.
854 650 1045 704 Πάξος
1074 659 1226 697 autem
1255 655 1508 696 Boeckhius
1549 656 1671 695 reete

140 752 165 781 e
195 732 338 788 Εάξος
366 740 521 779 censet
553 739 809 788 corruptum
843 749 880 776 v.
911 735 1027 776 infra
1046 735 1107 787 d).
1136 759 1193 767 —
1251 737 1355 777 Jam
1383 735 1563 786 glossae
1592 744 1672 774 no-

139 821 387 868 minentur,
426 817 503 858 ubi
533 817 759 869 digamma
797 816 960 863 librarii
998 818 1173 858 inscitia
1212 820 1416 869 corrupte
1455 816 1671 867 scriptum

140 904 220 948 est,
243 884 350 940 hae:
383 892 682 949 Γελχᾶνος,
707 898 824 951 quod
847 901 950 938 ante
964 899 1060 947 jam
1080 897 1285 945 vidimus,
1309 900 1354 938 et
1378 891 1672 951 γάστριον·

139 978 299 1034 πέμμα
316 974 581 1035 σησαμῶδες
599 974 728 1035 παρὰ
752 971 904 1033 Κρησί
924 980 1078 1032 glossa
1094 976 1384 1030 Hesychiana
1408 989 1463 1019 ex
1479 977 1671 1030 Etymol.

139 1065 199 1105 M.
240 1064 286 1103 et
318 1060 509 1102 Bekkeri
546 1061 742 1101 Anecdd.
775 1060 883 1110 230,
916 1061 968 1100 19
1003 1060 1250 1102 emendata.
1321 1061 1477 1102 Possis
1506 1062 1671 1108 autem,

139 1155 197 1184 ne
237 1134 407 1195 γαστήρ
444 1143 627 1191 etymon
664 1144 922 1192 praeoptes,
969 1135 1191 1196 Εάστριον
1233 1141 1447 1189 scribere,
1489 1140 1609 1193 quod
1647 1151 1674 1180 e

138 1219 355 1276 Εαότριον
385 1211 534 1274 (ἡδύς,
570 1214 722 1272 gador)
760 1226 913 1263 natum
954 1224 1013 1263 sit
1051 1223 1216 1274 pariter
1252 1225 1387 1274 atque
1427 1215 1587 1261 ἅστέον
1618 1231 1673 1261 ex

139 1297 351 1343 ἆδ-τέον.
429 1301 702 1352 Chrysippus
737 1304 857 1343 enim
897 1300 1014 1354 apud
1053 1303 1218 1342 Athen.
1256 1302 1370 1343 XIV.
1406 1301 1490 1341 647
1533 1301 1562 1342 f.
1604 1312 1671 1353 sq.

137 1383 336 1441 pluribus
364 1382 514 1422 verbis
537 1381 705 1423 docens
724 1383 947 1435 quomodo
978 1384 1089 1424 haec
1119 1383 1323 1434 placenta
1343 1383 1518 1425 Cretica
1537 1382 1673 1423 etiam

137 1457 320 1517 γάστρις
359 1463 646 1503 denominata
687 1469 1001 1515 componatur,
1052 1465 1287 1516 praecipit:
1326 1453 1423 1503 εἶτα
1465 1455 1671 1516 σήσαμον

139 1538 293 1583 λευκὸν
322 1537 494 1598 τρίψας
523 1538 726 1595 μάλαξον
754 1541 955 1597 μέλιτι
978 1536 1215 1600 ἡψημένῳ.
1414 1527 1417 1531 .

275 1623 321 1675 b)
353 1624 598 1676 Saepius
626 1629 818 1666 autem
847 1624 889 1664 Β
920 1626 1280 1677 digammatis
1312 1626 1500 1683 locum
1530 1624 1672 1665 obti-
1727 1640 1748 1650 Α

137 1707 253 1752 not,
294 1706 421 1755 cujus
450 1705 625 1746 indoles
656 1706 719 1746 ita
747 1707 801 1747 ad
830 1707 937 1747 illud
967 1707 1157 1754 accedit,
1192 1710 1241 1747 ut
1269 1704 1311 1744 Β
1340 1717 1433 1747 non
1463 1705 1597 1746 modo
1628 1706 1674 1745 in

137 1785 323 1826 dialecto
364 1787 514 1827 Attica
556 1787 663 1837 (vid.
692 1788 739 1828 L.
776 1789 934 1839 Meyer
963 1789 1086 1840 Vrgl.
1120 1789 1268 1830 Gram.
1301 1790 1343 1836 Ι,
1378 1783 1475 1839 86),
1517 1797 1673 1826 verum
1758 1818 1760 1821 ,

138 1866 271 1907 etiam
313 1868 430 1919 apud
472 1867 649 1916 Cretes,
699 1879 799 1909 cum
842 1868 1125 1919 digammatis
1167 1870 1347 1921 signum
1389 1868 1672 1909 obsolescere

139 1949 377 1999 coepisset,
408 1949 543 1998 hujus
572 1951 820 2001 susceperit
850 1950 1007 1991 vicem.
1069 1951 1169 1991 Non
1197 1951 1334 2001 igitur
1366 1962 1420 1990 ex
1452 1949 1672 2001 antiquio-

135 2028 256 2070 ribus
289 2030 430 2070 titulis
460 2026 501 2067 Β
527 2030 742 2070 vicarium
773 2031 993 2081 depellere
1030 2032 1127 2071 ausi
1165 2041 1333 2077 sumus,
1403 2030 1475 2071 Sic
1503 2030 1672 2070 habent

134 2106 174 2146 Β
203 2121 282 2161 pro
324 2110 550 2161 digamma
589 2109 632 2162 1)
665 2112 711 2152 in
752 2111 920 2153 fronte:
963 2105 1404 2160 Βαναξιβούλου
1444 2112 1490 2151 in
1530 2112 1671 2152 titulis

135 2192 390 2232 recentibus
409 2189 535 2231 2772.
555 2190 682 2231 2577.
700 2212 756 2220 -
795 2188 1124 2243 Βοινοβίου
1152 2198 1183 2232 t.
1207 2191 1319 2231 2577
1343 2195 1388 2234 et
1407 2185 1671 2233 Βοίνοπα

139 2268 275 2319 2554,
317 2270 399 2310 127
440 2273 528 2321 (hic
566 2272 817 2313 Boeckhius
859 2270 900 2310 Β
936 2283 1016 2323 pro
1052 2270 1094 2310 P
1124 2284 1150 2314 e
1190 2253 1446 2323 conjectura
1485 2273 1672 2324 posuit),

135 2350 295 2400 quibus
324 2351 450 2398 verbi
482 2341 605 2400 οἶνος
635 2353 770 2404 stirps
801 2355 930 2396 inest.
963 2376 1018 2382 —
1079 2351 1323 2409 Βορθίω
1355 2356 1593 2407 genetivus
1623 2355 1670 2394 in

135 2430 458 2483 Apteraeorum
488 2434 666 2476 decreto
696 2435 816 2485 Tejis
848 2434 950 2475 dato
981 2434 1067 2484 (ed.
1096 2436 1142 2475 in
1162 2436 1384 2478 Mnemos.
1401 2438 1431 2484 1,
1466 2435 1550 2475 121
1572 2447 1668 2489 sqq.

134 2522 160 2551 a
190 2513 385 2563 Nabero,
418 2516 491 2559 cui
521 2511 832 2572 Βορθαγόρας
860 2518 926 2558 tit.
960 2517 1108 2569 Argiv.
1139 2530 1181 2559 v.
1215 2518 1239 2557 2
1272 2530 1352 2570 pro
1381 2511 1671 2574 Ὀρθαγόρας

133 2593 178 2633 in
208 2597 473 2638 memoriam
509 2597 644 2637 venit.
674 2618 732 2626 —
791 2598 846 2639 de
876 2593 1047 2638 Βισίων
1085 2611 1165 2650 pro
1192 2592 1333 2639 Ἰσίων
1370 2600 1459 2641 vid.
1486 2604 1578 2640 not.
1613 2597 1669 2650 A)

132 2663 344 2730 λό”Αρια
386 2688 427 2716 v.
462 2675 502 2717 6.
533 2699 591 2705 —
651 2669 937 2730 Εἱλεί]θυιαν
977 2663 1264 2719 Βιὺατίαν
1305 2681 1351 2720 in
1391 2667 1520 2720 titulo
1552 2680 1668 2720 haud

143 2756 288 2796 certae
317 2757 523 2798 lectionis
552 2758 666 2798 Ven.
700 2758 768 2807 64,
802 2758 857 2816 80
888 2760 915 2800 i.
944 2771 982 2801 e.
1015 2753 1110 2800 Εἰλ.
1141 2752 1354 2800 Εἶνατίαν
1384 2773 1408 2803 e
1442 2761 1668 2812 Stephano

1763 144 1780 293 1¹5

1768 300 1773 336 l

1769 342 1772 402 ἔ
