1780 3012
494 100 520 108 “
822 73 924 143 ’18

75 278 78 280 ,
126 222 305 272 nativo3'
346 219 492 262 locum
524 220 645 261 enim
674 219 794 260 haud
836 218 1075 259 dilucidum
1106 216 1352 269 legendum
1376 217 1523 268 putot.
1548 209 1665 269 μηδὲ

127 296 335 353 καθόλου
366 295 601 354 γείνεσθαί
636 314 681 341 τι
723 293 769 339 ἐν
809 296 864 354 τῇ
895 293 1109 354 γερουσίᾳ
1138 292 1296 351 χωρὶ[ς
1324 287 1561 349 ὀμμάτωζῂι
1584 293 1667 335 τοῦ

125 377 337 437 κρέοντος
373 365 662 436 γραμματέος
695 382 722 421 1.
752 392 791 421 e.
825 379 999 420 scribae
1036 363 1219 430 negotia
1255 378 1466 429 gerentis.
1498 398 1552 409 *-
1586 375 1666 417 sed

128 459 487 516 συνενεγκεῖν
518 462 697 514 Hierap.
726 461 871 503 Rhod.
904 461 931 499 4
960 460 1091 501 valde
1131 459 1314 500 dubium
1347 456 1672 501 est-‘omnibus

80 546 97 587 ’.
129 545 185 585 ad
224 557 365 585 unum
404 543 753 585 Steinbuechelii
793 544 1062 594 apographis
1109 537 1379 593 συνενεγκεῖν
1419 537 1670 589 praebenti-

128 625 229 666 bus,
261 646 321 654 —
389 625 457 665 Ex
485 624 714 676 Hesychio
754 624 1006 666 enotandae
1036 625 1143 664 sunt
1170 621 1351 673 glossae
1381 611 1668 670 ἇσχέλιον·

129 702 267 760 τραχύ
299 702 475 758 Κρῆτες
513 705 668 754 „idem
708 706 827 758 quod
862 697 1084 751 ἄσκελός“
1127 702 1321 743 Vossius
1350 722 1407 729 -
1438 694 1671 750 λιχάξαι

41 803 50 823 -.
130 781 294 844 ῥίψαι·
328 779 474 839 πῆλαι
505 783 621 833 (cod.
653 780 835 838 βάλαι),
867 785 1095 837 glossema.
1124 783 1179 823 ad
1212 783 1396 833 stirpem
1427 776 1517 830 λικ,
1552 780 1671 821 unde

131 860 348 918 λικμοίζω,
378 852 500 905 haim
530 866 664 906 dubie
692 870 763 906 est
791 866 1094 907 revocandum
1125 888 1180 898 -ν
1214 858 1546 919 πρόμαχος·
1576 853 1671 902 ὑπὸ

134 944 326 1002 Κρητῶν
355 940 477 997 μάζα
508 938 741 1001 ἑβδομαίῳ
771 943 944 1001 παιδίῳ
979 944 1210 1001 γινομένη,
1249 945 1370 998 quod
1399 943 1586 985 verbum
1615 941 1671 982 ad

133 1028 226 1069 rad.
247 1032 341 1078 μακ
367 1026 504 1077 (unde
533 1021 706 1077 μάσσω,
738 1023 944 1083 μακαρία
972 1029 1080 1070 Hes.
1102 1040 1171 1079 ap.
1186 1027 1305 1069 Curt.
1330 1022 1540 1076 rad.455)
1572 1034 1672 1075 per·

133 1110 279 1166 ttinere
305 1108 491 1148 videtur.
521 1129 579 1135 —
639 1100 843 1160 Denique
871 1105 911 1146 Σ
919 1102 1095 1159 ωχός·
1127 1099 1152 1147 ὅ
1179 1107 1268 1147 τῶν
1301 1099 1549 1162 Κουρήτων
1587 1105 1673 1145 πα-

134 1184 273 1246 τήρ»,
301 1189 485 1229 nomine
506 1181 665 1236 Σωκός
691 1200 782 1229 non
817 1189 1045 1234 diversum
1058 1191 1230 1230 Vossio·
1253 1192 1466 1230 monente
1486 1199 1569 1228 nec
1593 1186 1674 1227 mi-

135 1282 222 1312 nus
252 1268 472 1325 Τεῦκρος·
505 1261 708 1323 ἀδελφὸς
735 1262 877 1317 νόθος
906 1281 987 1320 pro
1022 1268 1223 1325 Τεῦκρος
1252 1267 1326 1323 (cf.
1352 1269 1419 1310 ed.
1442 1265 1675 1316 Schmidt.)

134 1351 321 1394 nomina
351 1361 454 1391 esse
484 1349 691 1390 videntur
720 1348 907 1390 dialecto
939 1350 1138 1392 Creticae
1165 1350 1436 1401 imputanda.

277 1431 325 1480 b)
352 1430 390 1471 θ
417 1442 497 1482 pro
530 1443 567 1471 τ.
600 1423 755 1483 θήνω
785 1427 852 1469 τῶ
885 1427 1092 1482 τεμένεος
1121 1433 1187 1472 tit.
1221 1431 1338 1471 2554
1377 1442 1418 1470 v.
1447 1428 1531 1469 163
1561 1430 1675 1471 forte

136 1524 216 1566 pro
256 1506 376 1567 τήνω
417 1515 510 1561 est,
551 1511 671 1565 quod
701 1512 956 1553 Boeckhius
996 1512 1042 1552 in
1079 1517 1249 1555 textum
1287 1514 1455 1566 recepit
1481 1533 1541 1543 -
1570 1508 1679 1553 305-
1753 1559 1763 1564 s

138 1590 341 1634 λαθθα
371 1604 451 1644 pro
481 1585 691 1631 θάλαττα
717 1592 830 1632 Ven.
858 1591 924 1639 17,
954 1592 1008 1632 36
1040 1613 1098 1622 —-
1135 1588 1315 1648 Θηΐος
1346 1604 1493 1635 accus.
1524 1593 1571 1633 in
1602 1591 1676 1633 de—

139 1676 260 1715 creto
288 1674 614 1724 Apteraeorum
644 1672 766 1721 Tejis
797 1672 901 1713 dato
931 1685 972 1713 v.
1007 1672 1047 1721 9,
1080 1674 1156 1714 ubi
1184 1675 1389 1715 Naberus
1418 1676 1537 1714 recte
1563 1670 1678 1713 forte

143 1748 285 1807 Τηΐος
330 1753 505 1800 scribit,
552 1763 654 1792 cum
695 1752 769 1792 alii
817 1753 1041 1802 ejusmodi
1088 1753 1205 1793 tituli
1245 1752 1292 1790 ’Τ
1322 1752 1581 1804 praebeant.
1619 1772 1677 1780 -—-

141 1829 514 1888 Βερέκυνθος
539 1843 670 1872 mons
699 1832 744 1872 in
766 1832 1093 1883 Apteraeorum
1123 1834 1287 1874 finibus
1320 1833 1437 1874 situs
1459 1845 1528 1885 ap.
1549 1831 1677 1875 Diod.

140 1914 196 1962 V,
219 1913 275 1952 64
291 1925 372 1965 per
388 1912 426 1952 θ
446 1914 636 1964 scriptus
664 1915 747 1960 est,
779 1914 983 1964 quamvis
1009 1916 1243 1964 praeterea
1260 1925 1286 1954 τ
1306 1915 1393 1955 hoc
1413 1915 1467 1954 >in
1496 1914 1681 1955 nomine

141 1994 296 2034 habes.
323 2015 382 2023 -
410 1987 642 2034 ἕνθινον
671 1994 939 2042 adjectivum
972 2004 1135 2034 revoco
1166 1994 1221 2033 ad
1244 1994 1438 2035 radicem
1459 2006 1512 2035 ’τι
1539 1994 1679 2045 (unde

142 2068 240 2121 τίω,
271 2066 422 2125 τί-νω)
451 2073 496 2112 in
530 2074 616 2113 titt.
649 2073 776 2122 2555,
810 2073 862 2111 11
894 2074 1072 2125 Hierap.
1103 2075 1365 2126 Lyttiorum.
1398 2075 1437 2124 6,
1472 2073 1497 2114 7
1529 2074 1685 2116 certis*

144 2154 257 2193 sime
291 2154 455 2193 lectum
497 2154 570 2203 (cf.
599 2154 750 2194 Naber
788 2154 832 2192 in
860 2154 1081 2195 Mnemos.
1121 2158 1228 2196 tom.
1260 2156 1290 2196 I.
1330 2168 1372 2207 p.
1408 2144 1681 2206 iosqufie

142 2235 187 2274 in
215 2234 281 2274 tit.
311 2233 426 2272 2554
453 2245 494 2273 v.
527 2232 596 2281 87,
628 2233 683 2272 90
715 2234 1062 2282 restituendum,
1098 2236 1299 2287 quamvis
1329 2228 1500 2275 ἕνοινον
1529 2235 1683 2276 lectio-⁴

143 2326 247 2355 nem
282 2327 308 2355 a
329 2314 558 2356 Chishullo
580 2306 826 2354 ἔνσπονὸον
859 2315 1123 2365 explicatam
1146 2316 1407 2367 comprobat
1420 2316 1683 2359 ,Boeokhius

148 2396 276 2446 corp.
301 2397 435 2435 Inscr.
468 2395 518 2434 II.
549 2408 590 2445 p.
622 2394 720 2434 408.
781 2395 852 2435 Sic
882 2396 929 2435 in
960 2397 1024 2435 tit.
1057 2394 1191 2443 2555,
1226 2395 1278 2434 11
1310 2396 1445 2436 verba
1474 2396 1684 2448 leg-untur

145 2476 278 2516 haec:
314 2469 385 2515 ὅτι
417 2470 465 2515 δὲ
493 2469 803 2530 ἐγγράψαιμεν
833 2468 1016 2531 ἔνορκόν
1052 2488 1099 2516 τε
1127 2468 1242 2516 ἔστω
1281 2471 1357 2517 καὶ
1382 2469 1563 2532 ἕνθινον
1594 2472 1687 2531 (ἐγ--

148 2552 409 2611 γράψωμεν
434 2559 567 2597 etiam
601 2558 643 2596 in
672 2559 735 2597 tit.
765 2559 883 2597 Hier.
905 2557 1052 2608 Lyttio
1083 2557 1107 2596 7
1141 2561 1223 2606 est,
1257 2568 1367 2598 cave
1396 2555 1568 2600 scribas?
1595 2558 1684 2599 illic

152 2649 253 2677 cum
285 2639 511 2677 Boeckhio
543 2632 797 2691 ἑπιγροὶψ.).
830 2639 1158 2678 constituerunt
1188 2642 1237 2679 ut
1268 2639 1539 2679 affirmarent
1562 2640 1684 2688 jure-

141 2719 336 2769 jurando
370 2720 664 2771 quodcunque
696 2721 992 2761 inscriberent
1023 2719 1093 2766 (ut
1123 2720 1294 2761 foederi
1324 2719 1590 2777 adderetup),
1620 2723 1683 2761 at-

148 2811 234 2850 que
257 2800 328 2850 qui
359 2799 464 2843 illud
497 2811 584 2838 non
620 2803 830 2843 servaret,
862 2800 915 2838 ab
949 2811 1002 2839 eo
1033 2810 1179 2850 poena
1209 2799 1496 2851 repeteretur}
1537 2800 1689 2842 '‘Ge'te'-
