1780 3012
317 0 407 25 ‚w

770 138 777 144 ,
848 89 905 130 ao

98 220 156 249 κα
185 201 495 257 amemus-912
534 205 777 258 legendum
811 191 993 254 svidetur
1029 216 1109 258 pro
1149 199 1310 254 καθώς
1340 200 1416 246 καὶ
1444 197 1637 246 συνθεό-

97 287 248 340 μεθα,
288 287 364 327 ubi
394 286 646 331 Boeckhius
674 287 823 328 minus
854 290 975 328 recte
1005 274 1301 338 σῦνεθόμεθᾳ
1323 287 1440 334 vult‚
1485 296 1638 338 quam-

98 369 169 410 vis
200 369 352 409 aoristi
381 368 646 409 indicativus
676 363 809 408 συνέ
819 366 998 408 θοντο
1032 377 1114 418 pro
1144 361 1386 407 συνέθεντο
1417 370 1445 408 t.
1464 366 1591 415 2554,
1611 366 1635 404 2

100 449 355 494 dubitanter
391 451 509 489 certe
544 447 851 491 defendendus
878 429 997 489 ‘esse
1036 448 1232 496 videtur,
1284 448 1450 489 etenim
1487 447 1636 488 Atthis

100 541 279 584 quoque
309 530 354 570 in
388 529 599 580 optativis
628 525 843 584 (τιθοίην,
876 523 1185 584 προςθοίμην)
1216 528 1441 572 interdum
1463 538 1488 567 ο
1510 539 1638 580 prae-

70 662 74 667 ,
99 614 225 664 optat
253 623 275 651 ε
301 610 459 652 vocali.

242 692 311 733 11.
365 685 794 746 κακοτεχνησίω
814 685 1083 745 -τρόπῳ
1113 683 1333 744 οὐδενί]
1358 690 1450 732 fere
1479 679 1639 732 eadem

98 773 237 814 verba
268 775 375 813 sunt
401 773 447 812 in
475 773 540 814 tit.
570 772 698 821 2555,
733 772 785 812 19
812 783 910 825 sqq.
1136 766 1138 768 ’

243 853 313 894 12.
359 848 722 907 ε’πιτραψίω]
773 853 828 894 de
887 845 1050 907 τρόπω
1091 864 1172 905 pro
1214 847 1369 907 τρέπω
1408 851 1499 893 vid.
1529 851 1635 906 ᾼΙιτ.

101 950 145 990 p.
180 935 278 986 117.

242 1016 311 1061 13.
373 1007 733 1069 εὖορκὶοντι]
774 1016 914 1056 literis
953 1015 1142 1055 servatis
1173 1010 1302 1053 KON
1328 1016 1428 1064 jota
1457 1016 1638 1064 inserui,

104 1099 308 1153 quamvis
349 1098 396 1136 in
430 1098 462 1135 t.
499 1096 679 1148 Hierap.
712 1096 861 1148 Lyttio
891 1109 933 1136 v.
969 1093 1037 1134 17.
1077 1089 1340 1150 ἐπιορκόντι
1381 1096 1639 1149 similesque

10 1222 15 1237 ι
101 1181 271 1221 formae
301 1178 347 1217 in
378 1177 475 1216 aliis
512 1177 651 1217 titulis
683 1176 846 1217 multae
881 1176 1102 1228 leguntur.
1120 1200 1123 1204 »
1142 1176 1332 1218 formam
1367 1180 1518 1218 autem
1547 1188 1640 1218 ma-

10 1271 17 1326 }
104 1260 175 1312 gis
216 1258 434 1301 Creticam
472 1257 781 1309 comprobavi,
834 1269 936 1298 cum
980 1259 1028 1297 in
1067 1269 1203 1299 versu
1243 1259 1449 1309 sequenti
1486 1252 1642 1313 ἐπιορ·

11 1343 18 1357 '
104 1335 247 1382 κίοντι
287 1339 427 1379 fuisse
465 1337 678 1378 videatur.
750 1323 1042 1378 Fluctuantur
1083 1349 1191 1379 sane
1230 1337 1347 1379 tituli
1387 1331 1639 1388 Cretenses,

11 1419 18 1434 ³
105 1419 226 1472 quod
256 1418 312 1459 ad
335 1420 698 1470 conjugationem
715 1420 953 1461 verborum
985 1419 1031 1459 in
1058 1415 1118 1460 έω
1140 1419 1440 1461 desinentium
1468 1421 1640 1469 attinet,

103 1511 209 1540 nam
239 1501 285 1540 in
318 1499 446 1540 titulo
477 1499 593 1539 2554
620 1513 662 1540 v.
695 1500 779 1541 202
822 1495 1087 1555 ἒφορκέοντι
1127 1501 1229 1550 (vid.
1260 1503 1352 1542 not.
1381 1501 1438 1542 ad
1467 1495 1642 1542 Πύτιον

92 1592 157 1628 .v.,
179 1581 223 1630 6)
257 1582 361 1621 ibid.
391 1579 447 1619 30
480 1574 761 1631 κοσμόντων,
794 1581 955 1622 deinde
986 1582 1124 1637 intit.
1156 1582 1335 1632 Hierap.
1365 1582 1642 1624 Rhodiorum

40 1659 43 1660 ⁷
105 1672 149 1705 v.
182 1660 237 1700 90
269 1652 537 1715 εὖορκεῢντα
568 1663 615 1701 et
641 1656 929 1716 ἐπιορκοῦντι
957 1662 1180 1714 leguntur,
1211 1661 1291 1703 sed
1319 1662 1408 1703 illic
1427 1661 1643 1713 lapicidae

12 1745 25 1780 2·-
103 1726 404 1787 Rhod10‚'hic
434 1741 549 1782 forte
578 1741 809 1782 chishuno
847 1742 1029 1782 levitate
1059 1719 1249 1793 quadam
1279 1742 1549 1784 describenti
1577 1742 1643 1782 in-

14 1795 19 1813 ³
106 1820 359 1863 constantia
385 1821 623 1862 tribuenda
651 1824 733 1862 est.
1330 1824 1337 1828 ’

12 1948 17 1968 ¹
248 1901 318 1940 14.
380 1893 688 1955 ἑμμανίας]
731 1903 963 1944 descendit
1000 1903 1055 1944 ab
1095 1895 1305 1964 ἐζιιμανις,
1341 1903 1460 1955 quod
1496 1903 1647 1962 attice

0 1981 17 2032 J}
104 1975 293 2037 ἓῇιμηνις
321 1984 405 2023 est.

13 2063 18 2074 '
248 2063 315 2103 14.
363 2055 566 2119 Ὅρκος
594 2084 655 2095 -
683 2055 873 2116 αὐτός]
906 2064 1016 2104 item
1034 2063 1149 2118 legis
1176 2066 1223 2106 in
1243 2065 1333 2106 fine
1354 2063 1647 2115 jurisjurandi

105 2147 173 2185 tit.
206 2144 322 2183 2554
346 2157 389 2185 v.
422 2144 509 2183 204
528 2137 696 2199 “09209
724 2136 963 2184 Ὀλοντίων
996 2136 1021 2185 ὁ
1047 2138 1202 2194 αὐτός.
1263 2146 1353 2187 Sed
1390 2156 1416 2186 a
1445 2146 1651 2197 partibus

106 2226 224 2268 tituli
254 2229 536 2267 transeamus
566 2225 623 2265 ad
652 2226 916 2266 universum
947 2226 1126 2267 titulum
1156 2226 1481 2267 illustrandum.
