1780 3012
877 58 969 110 311⁴

244 374 338 466 DE
372 412 726 466 UNIVERSO
762 411 1107 464 FOEDERIS
1140 410 1590 462 FRAGMENTO.

285 530 502 584 Singulos
548 529 740 571 foederis
788 528 947 572 versus
994 530 1314 581 perlustrantes
1362 529 1408 569 in
1457 527 1681 569 mirabiles

154 625 262 653 sane
291 613 506 653 formas
535 605 793 659 in'cidimus,
834 612 997 652 etenim
1030 621 1119 650 non
1148 610 1292 650 solum
1319 592 1522 656 Βιδατᾶς
1552 608 1680 649 Jovis

154 685 407 745 cognomen
436 692 524 732 huc
553 696 695 744 usque
724 691 942 743 ignotum,
972 701 1126 731 verum
1157 690 1292 730 etiam
1312 690 1548 731 verborum
1581 700 1680 741 spe·

154 774 247 814 cies
277 775 411 814 antea
445 772 578 813 modo
616 783 707 813 non
747 775 1014 824 conspectae
1052 771 1186 812 modo
1225 772 1272 811 in
1311 754 1493 811 dubium
1522 780 1686 822 perpe-·

153 860 258 894 ram·
274 855 460 895 vocatae
492 852 611 894 velut
643 849 783 907 Τῆνα,
802 842 950 907 Ziela,
984 846 1271 901 Βολοεντίοι,
1303 846 1607 903 συνθιώμεθα
1635 851 1684 898 in

154 935 243 975 illo
268 935 400 975 nobis
448 911 703 975 obveniunt.
780 931 876 993 sed.
911 935 1059 972 utrum
1106 943 1242 974 voces
1282 934 1382 973 illae
1422 933 1478 973 ad
1514 934 1684 985 Lyttio-
1717 912 1720 914 .

156 1024 254 1056 rum
305 1025 361 1055 an
390 997 681 1072 *Oluntissorum
732 1013 967 1054 dialectum
1017 1013 1268 1064 pertineant
1317 1013 1558 1063 dijudicare
1611 1014 1686 1055 vix

156 1091 326 1148 possis,
368 1089 475 1136 cum
510 1096 564 1135 de
598 1086 855 1146 'linguarum
884 1093 1163 1135 Cretensium
1202 1094 1452 1136 differentia
1480 1095 1700 1150 notitiam*

157 1166 290 1229 quam
315 1175 510 1216 'maxime
540 1168 742 1216 mancam
768 1175 883 1216 tituli
912 1175 1168 1226 praebeant.

254 1257 257 1258 ’
293 1256 393 1296 Non
431 1255 577 1307 magis
618 1256 876 1306 conjectura
912 1256 1094 1307 assequi
1126 1257 1251 1304 licet,
1302 1254 1511 1307 quidnam
1549 1255 1699 1307 Lyttis

158 1326 414 1388 Oluntiique
436 1336 758 1386 constituerint,
786 1338 956 1379 etenim
980 1336 1295 1387 jusjurandum
1316 1347 1369 1376 eo
1391 1338 1565 1377 tantum
1588 1347 1687 1390 spe-

159 1420 260 1467 ctat,
292 1421 342 1458 u't
368 1416 726 1459 benevolentiam
758 1421 952 1467 servent,
981 1419 1027 1458 in
1047 1418 1162 1459 bello
1193 1409 1301 1458 Socii
1329 1416 1430 1464 sint,
1463 1407 1687 1458 civitatem

160 1487 251 1538 sibi·
273 1486 547 1549 impertiant,
579 1501 790 1540 maneant
819 1487 871 1539 in
891 1498 1044 1551 pactis.
1107 1498 1193 1539 Sed
1222 1510 1247 1539 e
1278 1497 1407 1538 titulo
1437 1509 1527 1539 non
1554 1494 1689 1551 appi».->

159 1580 239 1626 ret,
274 1579 401 1628 quus
435 1578 582 1618 delicti
612 1591 748 1620 causa
777 1580 838 1620 illi
864 1580 1050 1631 pecunia
1079 1579 1408 1625 mulctarentur,
1439 1579 1478 1619 si
1507 1579 1688 1631 quidem

157 1668 247 1698 non
277 1657 363 1698 alia
391 1645 542 1709 poena*
564 1672 644 1711 pro
673 1652 861 1712 argento
892 1659 1249 1700 constitueretur.

295 1737 362 1777 De
393 1738 643 1789 tempore
675 1739 889 1791 denique,
931 1749 1018 1791 quo
1047 1734 1204 1779 foedus
1232 1738 1370 1778 ictum
1400 1740 1489 1786 est,
1530 1738 1686 1780 titulus

158 1817 338 1869 quidem
372 1821 511 1868 tacet,
558 1820 638 1861 sed
676 1821 854 1869 literae,
898 1820 1058 1873 quibus
1097 1819 1276 1859 titulum
1317 1828 1419 1858 esse
1460 1822 1687 1861 exaratum

156 1898 427 1951 Rangabeus
453 1903 609 1943 auctor
638 1905 722 1951 est,
754 1901 810 1943 ad
840 1900 1194 1942 ducentesimum
1224 1899 1316 1940 fere
1345 1910 1510 1940 annum
1528 1912 1566 1941 a.
1586 1901 1686 1943 Chr.

156 1990 240 2021 nos
271 1980 515 2030 deducunt,
555 1984 688 2035 atque
729 1984 892 2024 certius
932 1972 988 2023 eit
1028 1993 1082 2023 eo
1124 1982 1332 2032 colligere
1370 1983 1524 2031 potes,
1566 1984 1686 2035 quod

156 2060 395 2102 verborum
429 2061 599 2103 formae
631 2066 776 2105 aetate
805 2063 938 2104 modo
968 2067 1162 2115 aequant
1192 2062 1326 2103 modo
1347 2067 1560 2114 superant
1582 2065 1686 2122 titu-
1763 2061 1766 2064 ’

155 2139 229 2180 los'
256 2141 543 2194 antiquiores,
575 2143 649 2194 qui
680 2143 850 2185 circiter
881 2155 999 2185 anno
1027 2143 1110 2183 220
1128 2155 1166 2184 a.
1194 2144 1294 2185 Chr.
1327 2143 1536 2197 insculpti
1567 2149 1683 2187 sunt.

157 2218 257 2260 Huc
298 2222 417 2261 enim
458 2223 686 2273 pertinent
721 2219 992 2272 Βολοεντίος
1031 2224 1175 2264 forma
1225 2224 1392 2272 soluta,
1433 2215 1570 2280 ''191oe
1607 2237 1687 2277 per

155 2299 247 2346 iota
274 2301 508 2352 scriptum,
541 2298 737 2355 ἐμμενίω
771 2304 918 2346 futura
948 2305 1033 2345 alia
1061 2305 1108 2345 in
1140 2317 1195 2345 ιω
1222 2306 1494 2354 desinentia,
1526 2299 1684 2362 ἐπιορ-

156 2372 298 2420 niam
338 2394 418 2433 pro
457 2377 766 2439 ἐπιορκοῦντι,
805 2382 1130 2437 συνθιιόμεθα,
1170 2386 1289 2438 quod
1323 2389 1522 2438 tempore
1562 2388 1685 2438 prius

157 2464 227 2501 est
257 2454 404 2515 vquam
433 2460 737 2518 συνθεώμεθα
776 2466 823 2506 in
855 2467 919 2508 tit.
950 2467 1131 2524 antiquo
1164 2466 1291 2516 2554,
1331 2469 1571 2509 accusativi
1606 2480 1686 2521 per

156 2551 207 2589 ος
222 2554 303 2593 pro
325 2555 386 2593 ως
416 2547 578 2610 scripti3
639 2549 710 2595 At,
742 2548 930 2599 inquies,
961 2546 1003 2587 B
1031 2559 1285 2589 consonans
1315 2549 1360 2589 in
1387 2549 1569 2590 nomine
1590 2546 1685 2589 Bo-

156 2615 356 2672 λοεντὶος
383 2627 529 2676 posita
555 2627 839 2679 digammatis
868 2628 964 2669 vice
993 2629 1204 2681 fungitur,
1236 2629 1354 2684 quod
1381 2632 1554 2672 tantum
1582 2635 1687 2683 post

154 2700 253 2744 Chr.
294 2717 336 2746 n.
371 2706 418 2747 in
453 2704 495 2745 B
534 2718 780 2750 consonam
819 2708 984 2750 abiisse
1033 2710 1090 2750 ab
1130 2711 1328 2752 Ahrente
1367 2710 1421 2751 D.
1461 2711 1513 2753 D.
1550 2724 1594 2765 p.
1629 2712 1684 2753 58

152 2781 346 2828 docetur.
416 2789 575 2831 Nonne
612 2789 788 2832 Ahrens
828 2790 883 2832 de
919 2791 1052 2842 hujus
1087 2791 1344 2833 mutationis
1374 2794 1575 2845 tempore
1606 2796 1688 2837 mi-
