1780 3012
819 112 874 152 16

72 225 208 267 ritum
231 222 441 276 asperum
460 225 746 268 eliminantes
775 226 835 279 A)
853 230 1170 280 nep-iratam
1201 231 1616 274 consonantem

71 306 132 346 in
156 308 391 347 tenuem
425 309 733 348 mutarunt.
794 308 868 350 Sic
895 307 1064 350 hahent

212 384 255 436 a)
289 398 314 425 τ
343 397 426 437 pro
456 385 495 426 θ
523 388 571 428 in
590 381 801 428 Πύτιον
832 389 952 441 quod
981 391 1117 432 modo
1146 391 1611 442 commemoravimus,

68 466 188 507 idem
219 469 291 507 est
321 467 367 506 in
404 468 468 508 tit.
500 468 679 520 Hierap.
705 468 957 521 Lyttiorum
985 457 1058 513 v'v.
1093 471 1165 514 14.
1193 470 1251 512 201
1284 471 1454 523 pariter
1476 474 1612 525 atque

68 548 116 588 in
142 548 211 589 tit.
245 549 463 590 Arcadico
495 550 625 602 Corp.
657 551 794 591 Inscr.
819 563 861 592 n.
885 552 1003 592 1434
1030 556 1077 594 et
1101 549 1181 605 pez·
1212 564 1258 593 οι
1285 554 1497 605 scriptum
1521 547 1610 604 τόμ
1652 538 1654 540 ’

67 622 185 672 Hei
195 641 292 669 τον
323 630 390 671 tit.
421 631 546 671 Drer.
575 642 619 672 v.
649 630 707 671 24
733 633 873 674 literis
900 634 1051 675 minus
1082 634 1210 676 claris
1240 633 1466 686 scriptum,
1501 644 1610 688 quo-

68 721 170 750 cum
212 705 413 749 Ποίθιοι
452 711 714 763 Pythiorum
752 723 917 754 nomen
955 712 1058 766 (vid.
1099 715 1204 757 Ahr.
1242 715 1293 753 n.
1324 713 1377 754 D.
1415 725 1455 766 p.
1487 694 1606 763 566),

0 827 1 832 ,
66 783 234 846 κάροια
258 802 339 843 pro
373 786 521 846 κάρυα
550 795 685 846 atque
717 789 939 834 ποιαλίδα
969 806 1049 847 pro
1073 790 1278 835 πυαλίδα
1307 795 1353 834 in
1385 795 1451 834 tit.
1468 795 1606 846 Lycio

66 872 113 913 Ο.
144 873 187 914 J.
214 885 258 912 n.
289 871 406 911 4232
444 874 754 925 componenda
789 878 906 915 sunt.
941 898 994 904 —-
1054 876 1269 927 Ejusdem
1309 875 1459 928 stirpis
1495 875 1603 916 urbs

61 944 338 1008 Ἱεράπυτνα
364 955 439 996 vel
464 947 590 1011 Ἱερὰ
617 950 774 996 Πύτνα
805 958 916 998 Ptol.
946 957 987 1009 ξ.
1015 958 1056 1006 4,
1088 957 1239 1009 Steph.
1271 958 1380 1014 Byz.
1410 967 1513 998 ease
1539 957 1604 997 vi-

64 1033 216 1085 detur,
254 1036 326 1077 cui
361 1035 417 1076 ab
451 1036 553 1078 Idae
572 1043 575 1045 ’
593 1037 729 1079 dorso
755 1031 913 1079 Πύτνα
947 1038 1153 1080 audiente
1191 1038 1603 1083 denominationem
1637 1061 1639 1063 -

63 1127 167 1183 esee
197 1117 360 1158 factam
390 1117 549 1159 Strabo
576 1119 628 1163 X.
670 1131 711 1170 p.
742 1118 828 1158 724
864 1123 994 1163 autor
1023 1124 1106 1165 ost.
1177 1120 1505 1165 conferendum
1532 1124 1603 1161 est

67 1196 292 1251 „putere“,
326 1198 365 1239 si
395 1199 577 1252 quidem
606 1191 794 1247 Πύθιος
822 1200 878 1241 ad
904 1198 1072 1243 πυθεῖν
1103 1179 1310 1254 pertinet
1342 1203 1476 1254 atque
1504 1201 1601 1243 Pu-

59 1279 178 1319 tius
217 1290 382 1320 nomen
425 1282 523 1330 ejus
563 1282 770 1322 Latinum
821 1280 927 1333 (vid.
964 1284 1142 1325 Preller.
1176 1284 1333 1327 Boem.
1372 1282 1515 1334 Myth.
1554 1293 1607 1334 p:

59 1358 160 1409 268,
191 1358 252 1413 3).
280 1382 338 1391 —-
399 1359 587 1412 Saepius
626 1365 777 1402 autem
809 1355 1044 1404 Πύθιον
1075 1365 1275 1418 vulgaris
1304 1364 1448 1407 forma
1476 1363 1601 1404 velut

56 1441 103 1481 in
144 1442 212 1481 tit.
244 1439 373 1489 2555,
416 1441 470 1480 13
516 1447 754 1494 spectatur.
797 1464 854 1471 —
925 1443 1014 1484 Sed
1060 1439 1507 1497 συντελεστῆμεν
1551 1443 1598 1483 in

0 1540 1 1551 π
58 1522 455 1575 Hierapytniorum
486 1523 666 1565 foedere
697 1536 799 1567 cum
826 1525 1013 1569 Rhodiis
1043 1525 1160 1568 facto
1187 1537 1230 1568 v.
1254 1523 1310 1565 43
1340 1536 1420 1577 pro
1451 1535 1597 1567 συντε-

0 1594 3 1602 ’
55 1598 246 1659 λεσθῆ
256 1616 291 1656 μ
305 1616 360 1645 εν
390 1605 529 1646 errori
550 1604 898 1648 Steinbuechelii
929 1606 1182 1651 debendum
1203 1607 1462 1648 videtur.—-
1492 1605 1596 1648 Jam

57 1695 113 1725 ex
155 1685 385 1736 Hesychio
431 1685 518 1727 huc
570 1689 746 1737 spectat
781 1679 1100 1741 ’ἆττάρυμα
1140 1696 1151 1707 ·
1197 1681 1341 1739 πόμα.
1386 1681 1596 1742 σόφισμα

53 1751 305 1819 Κρητικόν,
356 1761 434 1806 ubi
480 1767 542 1807 M.
584 1766 933 1808 Schmidtius
978 1761 1170 1823 ῥόφημα
1203 1771 1324 1812 reete
1369 1767 1596 1818 conjectat

53 1837 289 1901 ἇττάρυμα
322 1848 440 1905 enim
473 1847 529 1888 ab
563 1840 725 1902 ἆθᾶρα
756 1847 1004 1888 derivatum
1038 1852 1222 1900 „potum
1251 1849 1376 1890 alieis
1407 1848 1594 1890 crassio-

53 1938 154 1970 rem·
177 1927 372 1970 factum“
405 1928 657 1980 significare
694 1929 804 1968 mihi
832 1928 1021 1969 videtur.
1055 1928 1244 1980 duplicis
1274 1931 1426 1973 autem
1452 1940 1479 1968 τ
1508 1927 1593 1969 ori-

53 2008 205 2059 ginem
235 2020 326 2049 non
359 2009 588 2061 cognitam
617 2010 779 2051 habeo.
812 2032 868 2038 —
902 2006 956 2050 τί
966 2002 1057 2065 <sto
1068 2020 1091 2057 ς
1121 2005 1292 2065 θέρους
1311 2006 1487 2065 Κρῆτες
1509 2009 1592 2062 (sic

48 2075 172 2130 reete
193 2089 326 2139 Mus„
359 2090 456 2132 cod.
487 2086 635 2147 θέρου
656 2089 865 2147 Κρῆται),
880 2091 954 2133 ’de
979 2092 1077 2142 jota
1096 2090 1182 2133 vid.
1204 2092 1297 2132 not.
1318 2089 1375 2133 ad
1394 2080 1590 2145 v.''A(›w

48 2182 91 2212 v.
127 2170 167 2212 6.
807 2177 819 2185 “
1250 2227 1253 2231 ¹

187 2250 234 2303 b)
277 2266 304 2292 κ
342 2262 423 2303 pro
461 2265 501 2303 χ.
570 2253 696 2302 Quae
745 2251 861 2293 tituli
911 2253 1112 2305 exempla
1153 2253 1290 2304 hujus
1328 2250 1590 2292 mutationis

47 2334 285 2385 praebent,
318 2333 454 2374 dubia
486 2335 602 2374 sunt.
672 2333 785 2374 Nam
823 2334 870 2374 in
907 2334 974 2374 tit.
1007 2333 1134 2382 2555,
1168 2334 1221 2374 19
1254 2332 1402 2375 solum
1430 2331 1588 2373 Grute-

47 2425 125 2455 rus
151 2408 464 2469 κακοτεκνήσω
495 2413 538 2465 (a
563 2408 829 2455 Neuman'no
857 2426 939 2456 rer.
963 2414 1078 2455 Cret.
1107 2425 1225 2466 spec.
1257 2427 1299 2467 p.
1320 2413 1403 2455 112
1433 2414 1586 2455 lauda-

45 2496 160 2548 tum)
194 2500 240 2539 et
278 2498 323 2537 in
363 2497 431 2538 tit.
464 2493 581 2535 2562
608 2496 763 2538 Cobeti
804 2497 995 2538 schedae
1029 2492 1164 2552 μέκρι
1198 2484 1454 2538 οὗᾞεὼετιὺ
1489 2496 1594 2538 αὶὶίε

32 2574 381 2633 ,κακοτεχνήσω
418 2573 550 2634 μέχρι
583 2578 877 2620 tradentibus.
908 2602 965 2607 —
1033 2578 1122 2621 Sed
1154 2578 1271 2632 apud
1297 2577 1585 2631 Hesychium

46 2663 118 2701 est
147 2654 335 2711 καμάν
366 2670 377 2683 ·
406 2654 484 2701 τὸν
522 2653 662 2716 ἀγρόν
704 2657 881 2715 Κρῆτες
915 2657 1303 2714 (maswandom
1341 2643 1586 2712 χαμάν-δις

44 2742 273 2793 adnotat),
309 2742 429 2783 unde
469 2743 603 2792 etiam
637 2726 940 2794 Hierapytnae
972 2741 1203 2793 antiquum
1242 2752 1407 2783 nomen
1442 2735 1585 2794 Κάμι-

42 2836 123 2877 ρος
156 2809 224 2875 ap.
258 2823 408 2876 Steph.
441 2825 546 2875 Byz.
578 2835 633 2864 ex
672 2817 797 2874 καμά
834 2826 879 2863 et
914 2816 1016 2878 ἱρός
1051 2824 1094 2874 (i.
1123 2835 1160 2864 e.
1190 2816 1330 2879 ἱερός)
1362 2826 1584 2875 composi-
