1780 3012
833 82 888 124 22

93 212 168 244 ras
198 197 862 252 11YP521111521212152N02*)
899 201 1162 244 scribendae
1188 202 1396 244 videntur
1430 198 1638 258 ⁷1va

97 295 162 332 ως
192 278 420 332 Βισίωνος
449 284 515 336 (O.
538 285 607 326 Fr.
635 286 866 325 Hermann
889 285 936 325 in
967 284 1124 325 Philol.
1148 284 1219 324 IX.
1249 296 1290 335 p.
1316 283 1400 323 697
1422 284 1529 324 ”vult
1559 292 1641 324 πυ-

94 358 276 418 ρωπίου
291 365 441 406 minus
458 363 618 417 caute).
650 389 656 396 -
677 359 851 419 Βιοίων
871 367 1025 405 autem
1051 365 1126 405 vix
1154 365 1382 405 diversum
1412 364 1475 404 ab·
1494 356 1636 404 Ἰσύων

95 445 143 485 in
181 445 247 485 tit.
277 444 362 484 268
400 446 689 506 Atheniensis
727 446 909 486 nomine
944 446 1153 497 provenit
1180 446 1296 487 forte
1335 444 1390 484 ab
1424 433 1544 492 Ἰσος
1578 445 1641 484 ita

97 527 150 564 ut
176 520 385 579 Κρονίων
413 536 440 566 a
467 520 649 581 Κρόνος
679 525 755 573 (de
780 523 915 574 Ρῖσος
944 526 997 567 ef.
1026 525 1185 567 Christ.
1215 525 1288 566 Gr.
1313 525 1360 565 L'.
1391 536 1432 576 p.
1455 522 1554 564 262.
1584 524 1640 565 de

97 601 141 643 Β
161 608 253 646 not.
271 605 328 646 ad
350 617 390 647 v.
413 602 681 647 Βολοέντιοι
705 619 746 648 v.
777 606 833 657 2).
865 628 918 636 -—
980 609 1218 648 Praeterea
1248 606 1431 647 nomina
1458 605 1534 645 illa-
1562 601 1642 644 mi·-

98 688 293 747 nistrant
323 698 345 727 ε
364 687 575 741 γοοαΙθηι
598 688 723 729 velut
750 689 795 728 in
822 688 975 739 glossa
999 687 1108 729 Hes.
1138 677 1346 742 Ἇτερέα·
1378 676 1510 741 ὅρος·
1541 696 1641 739 γορ·

100 762 180 821 γόν
209 765 399 822 Κρῆτες,
432 768 508 808 ubi
527 759 760 823 Ἀτερέα
787 772 832 809 et
857 760 1023 823 ἄτερέα
1050 767 1238 809 confusa
1257 770 1374 809 sunt.
1406 769 1490 809 hoe
1521 768 1643 808 enim

99 848 221 889 idem
261 851 333 890 est
370 849 490 902 quod
530 840 675 905 ἅτρέα
717 851 792 900 (ab
832 841 1015 905 ἇτρεύς,
1052 850 1173 892 unde
1212 850 1356 891 forma
1391 828 1647 901 pluralitive

103 921 267 984 ἆτρῆες
295 923 508 983 ἀνάγκαι,
536 931 592 971 de
622 943 644 970 ε
668 932 837 971 inserto
864 931 918 970 cf.
950 922 1178 985 ἆλεγεινός
1205 934 1250 971 et
1268 922 1504 984 ἀλγεινός),
1554 929 1643 970 Sed

103 1022 206 1067 eum
245 1000 356 1065 ὅρος
390 1011 645 1063 Hesychius
676 1013 875 1060 adnotat,
908 1015 1087 1052 montes
1116 1013 1204 1053 huc
1235 1022 1379 1064 usque
1405 1011 1548 1064 ignoti
1574 1012 1643 1052 in-

103 1092 347 1143 tellegendi
380 1091 606 1140 videntur,
658 1093 820 1146 quibus
858 1103 1024 1132 nomen
1059 1092 1248 1133 inditum
1289 1096 1361 1133 est
1385 1092 1446 1132 *ab
1476 1092 1644 1132 Hetera

104 1173 215 1214 urbe
247 1172 422 1214 Cretica
449 1173 496 1213 in
524 1173 696 1225 periplo
711 1169 779 1226 a'p.
799 1175 1020 1215 Iriartium
1041 1172 1148 1223 (vid.
1164 1172 1332 1214 Hoeck.
1349 1173 1380 1222 Ι,
1402 1171 1507 1223 416)
1523 1182 1644 1213 com—

103 1236 365 1294 memorata.
425 1252 694 1304 Expectabis
723 1254 917 1295 fortasse
949 1255 1005 1294 ab
1030 1245 1198 1309 ἵΑτέρα
1225 1254 1414 1296 formam
1442 1246 1500 1293 τὰ
1516 1242 1644 1292 Ἀτε-

104 1332 206 1388 <zeta
240 1334 396 1386 (addas
423 1324 525 1388 ὅρη)
562 1335 626 1375 ita
655 1339 706 1375 ut
743 1334 977 1376 Μουσεῖον
1009 1348 1035 1376 a
1061 1332 1251 1383 Μοῦσα,
1295 1335 1374 1376 sed
1405 1337 1503 1385 jota
1543 1346 1644 1375 eva—

102 1416 261 1455 nuisse
280 1416 468 1462 videtur,
497 1425 587 1467 quo
610 1415 665 1456 de
688 1416 781 1466 egit
797 1416 903 1456 Ahr.
918 1416 969 1456 D.
986 1400 1036 1457 D}
1056 1428 1100 1467 p.
1116 1413 1212 1455 188.
1225 1437 1285 1444 -
1299 1416 1458 1457 deinde
1487 1420 1643 1469 περι-

106 1489 350 1550 στεριών
380 1508 460 1547 pro
492 1492 793 1552 περιστερεών
823 1497 984 1548 legitur
1012 1498 1059 1537 in
1084 1497 1150 1537 tit.
1182 1496 1299 1535 2554
1327 1510 1367 1537 v.
1400 1496 1495 1536 143.
1537 1523 1540 1526 -

222 1576 269 1627 b)
295 1578 341 1618 in
372 1577 527 1619 formis
557 1588 584 1617 a
600 1577 737 1618 verbo
765 1568 859 1628 εἰμι’
878 1578 1062 1620 deflexis
1083 1577 1154 1618 his
1167 1590 1182 1616 ε.
1206 1569 1378 1628 ἴωμεν
1399 1577 1446 1617 in
1463 1576 1528 1617 tit.
1547 1575 1643 1617 Lat.

109 1658 223 1697 3058
260 1670 301 1698 v.
327 1658 379 1696 12
411 1659 530 1710 quod
564 1670 619 1699 ex
649 1668 819 1708 εσωμεν
850 1660 1002 1707 oritur,
1034 1658 1115 1699 sed
1140 1650 1285 1708 ἕωμεν
1314 1658 1530 1709 praebent
1558 1658 1643 1698 titt.

106 1739 401 1779 Istroniorum
440 1737 569 1787 3048,
619 1737 675 1777 33
724 1742 770 1779 et
809 1739 1033 1782 Arcadum
1071 1737 1201 1788 3052,
1243 1737 1298 1778 27
1338 1761 1396 1770 —
1444 1731 1646 1787 ἰόντες

44 1843 48 1847 -
104 1822 151 1860 in
188 1821 368 1861 decreto
400 1820 781 1871 Apolloniatarum
821 1834 862 1862 v.
896 1819 919 1860 7
951 1823 998 1862 in
1028 1822 1249 1862 Mnemos.
1280 1822 1331 1890 LV
1352 1820 1471 1872 quod
1501 1820 1644 1860 Nabe—

108 1915 186 1944 rus
218 1904 264 1942 in
298 1894 450 1948 ἐόντες
480 1905 651 1942 mutare
692 1914 782 1942 non
819 1903 1030 1952 dedebat,
1076 1903 1281 1955 quamvis
1315 1896 1467 1949 ἐόντες
1498 1902 1545 1941 in
1578 1902 1645 1941 tit.

106 1982 527 2034 Tejo-Bianniorum
549 1981 616 2031 10,
647 1975 811 2022 ἐόντων
841 1983 1019 2035 Hierap.
1046 1983 1186 2025 Rhod.
1211 1996 1251 2024 v.
1268 1981 1337 2030 36,
1368 1973 1515 2029 ἐώσας
1544 1991 1645 2032 gen.

109 2064 248 2111 2556,
278 2063 348 2110 24,
388 2058 534 2102 ἐῶσαν
575 2064 902 2114 Tejo-Hierap.
933 2065 973 2111 4,
1005 2065 1096 2105 imo
1126 2065 1336 2115 vulgares
1366 2062 1536 2102 formae
1565 2062 1646 2103 sed

106 2145 238 2185 valde
272 2146 508 2195 suspectae
536 2144 748 2196 leguntur
776 2145 822 2184 in
851 2145 1041 2186 decretis
1071 2145 1167 2185 Istr.
1199 2143 1325 2196 Sybr.
1355 2144 1450 2184 Lat.
1472 2143 1644 2185 Eleuth.

105 2226 226 2275 Tejis
257 2225 387 2264 datis.

251 2308 294 2354 c)
327 2306 517 2356 singulis
559 2307 605 2345 in
641 2305 827 2345 vocibus
858 2306 928 2345 his
960 2298 1188 2358 θιήιον·
1213 2302 1343 2345 θεῖον
1372 2298 1424 2345 τὸ
1456 2296 1646 2360 ὀρυκτὸν

108 2385 286 2439 Κρῆτες
315 2388 423 2426 Hes.
455 2385 570 2432 (eod.
597 2378 979 2439 θίκιον-ὀρεκτόν,
1006 2387 1102 2435 jam
1130 2385 1296 2425 dudum
1326 2397 1353 2424 a
1374 2387 1481 2426 viris
1503 2386 1646 2427 doctis

109 2465 299 2515 emend.)
332 2467 358 2510 i.
389 2477 426 2506 e.
462 2460 630 2504 θέειον.
664 2485 720 2491 -
757 2456 927 2516 ἴβηνα
961 2475 969 2483 ·
1001 2461 1077 2505 τὸν
1118 2455 1238 2504 οἶνον
1273 2463 1450 2519 Κρῆτες
1479 2476 1489 2486 ·
1522 2458 1568 2505 οἱ
1596 2461 1648 2506 δὲ

107 2539 241 2598 βήλα.
283 2547 511 2597 glossema
553 2557 606 2585 ex
649 2540 811 2598 λίβηνα
848 2545 1100 2586 mutilatum
1127 2549 1241 2586 'esse
1283 2546 1441 2585 volunt
1475 2547 1647 2587 collatis

229 2656 288 2713 v*)
314 2669 463 2714 Signum
497 2669 663 2714 quintum
701 2669 739 2704 in
773 2679 901 2705 versus
935 2669 1008 2705 fine
1046 2671 1207 2716 positum
1244 2671 1367 2716 potius
1404 2670 1505 2707 casui
1537 2680 1647 2716 quam

107 2727 291 2774 lapicidae
325 2728 531 2764 debendum
563 2733 635 2772 est,
667 2729 812 2763 literam
845 2732 967 2764 autem
1001 2729 1104 2774 signo
1129 2728 1425 2774 interrogationis
1463 2728 1646 2765 redditam

105 2787 321 2823 Dethierius
346 2790 447 2822 recte
473 2786 572 2822 haud
601 2786 710 2822 dubie
736 2797 803 2831 pro
829 2788 858 2819 Β
882 2787 1026 2832 accipit.
1499 2797 1503 2801 ·
