1780 3012
886 41 939 81 11

148 158 243 202 ber-l
270 148 521 214 Ὅράτριον
556 156 888 210 comprobanda
919 159 1002 198 est.
1062 157 1217 198 Potius
1245 157 1366 198 enim
1391 147 1687 211 Ὀ-ράτριος

85 265 87 267 -
149 252 204 282 ex
232 251 258 279 ο
289 239 333 289 (i.
363 249 402 279 e.
433 229 462 277 ἃ
491 239 563 279 vel
590 229 707 288 ὅμοῢ
735 237 789 280 cf.
822 227 1005 293 ἶίτριχας
1032 229 1209 301 ρῖἐτεας
1230 239 1277 278 ΙΙ.
1307 240 1357 288 ΙΙ,
1390 235 1495 287 765)
1526 238 1574 277 et
1595 229 1685 291 ῥά-

147 331 273 376 vetos·
290 319 598 375 compositum
627 318 739 359 deus
767 330 926 361 eorum
953 321 1024 360 est
1049 318 1269 366 tutelaris,
1313 319 1387 370 qui
1416 317 1578 360 foedus
1610 325 1680 358 se-

148 412 250 443 cum
278 401 465 443 inerunt.
495 399 751 441 conferendi
774 403 880 442 sunt
911 381 1117 454 ὗμόγνιοι
1133 393 1240 439 θεοὶ
1269 410 1425 441 eorum
1451 400 1684 440 tutelares·

148 483 225 537 qui
253 493 419 535 genere
458 484 566 523 sunt
595 482 829 532 conjuncti.
890 482 1016 533 Quae
1047 492 1148 522 cum
1180 481 1242 521 ita
1274 481 1385 530 sint,
1417 482 1465 522 in
1494 480 1682 525 dubium

150 563 335 604 omnino
358 563 553 603 vocarim
574 574 600 602 o
632 574 688 604 ex
709 562 935 614 digamma
953 562 1078 603 nasci
1095 562 1311 612 potuisse.
1371 562 1542 612 Quibus
1559 571 1686 613 prae·
1764 555 1767 603 ζ

149 644 301 684 missis
332 643 505 692 Cretes,
542 642 661 695 quod
702 644 758 685 ad
790 643 1073 695 digammatis
1110 653 1244 683 usum
1275 643 1447 692 attinet,
1478 654 1569 684 non
1598 638 1688 684 nisi
1748 622 1767 628 Η

152 736 206 767 eo
226 725 302 765 -ab
341 724 502 765 Atticis
541 723 706 765 distare
751 723 982 770 videntur,
1030 723 1151 775 quod
1196 723 1258 763 illi
1288 725 1423 774 hujus
1460 732 1688 765 consonae

156 808 344 859 ejusque
375 805 492 858 signi
532 805 698 862 diutius
727 805 908 846 fuerunt
936 807 1120 845 tenaces
1150 815 1202 846 ac
1233 805 1411 857 saepius
1437 806 1510 846 his
1541 802 1583 844 Β
1603 803 1687 857 pro
1763 823 1767 861 g

152 887 189 928 F
213 889 461 939 posuerunt
490 885 614 926 velut
644 886 690 926 in
712 880 991 931 Βολοέντιοι,
1019 886 1138 926 unde
1167 887 1277 927 haec
1306 890 1412 927 nota
1440 886 1572 927 ducta
1602 889 1686 927 est.
1765 901 1769 917 ·

292 965 440 1005 2-4,
501 957 559 1005 αἶ
597 989 652 995 -
695 959 835 1005 ἀλλά
849 961 911 1005 λυ
926 965 995 1015 ις]
1050 967 1210 1014 verba,
1269 978 1383 1018 quae
1423 968 1688 1017 conjectavi,
1749 945 1769 1014 ’ἔ

154 1047 341 1087 aliorum
365 1046 545 1099 quidem
567 1045 797 1086 titulorum
823 1046 1061 1087 autoritate
1082 1046 1408 1094 nonniituntur,
1440 1047 1519 1087 sed
1540 1058 1687 1098 spero,

153 1129 248 1169 fore
293 1129 344 1167 ut
383 1127 535 1167 literas
574 1136 732 1166 versus
770 1126 893 1169 tertii
924 1117 1145 1175 servatas,
1201 1127 1277 1167 ubi
1314 1127 1584 1179 Rangabeus
1622 1128 1687 1168 nil
1765 1110 1769 1142 ³

154 1208 392 1261 proficiens
421 1201 499 1248 καὶ
528 1199 642 1258 [ἵμα
672 1206 760 1255 (vel
780 1197 979 1254 ἕνα)ιέπὶ
1005 1203 1094 1246 τῶν
1115 1218 1220 1259 νομι
1233 1201 1512 1259 suspicatur,
1544 1208 1701 1260 perlu-.
1776 1238 1780 1242 .

155 1289 314 1331 stranti
344 1288 425 1328 tibi
457 1286 516 1329 ea‘.
541 1287 775 1328 arrideant.
1435 1342 1439 1345 γ

293 1368 335 1410 4.
394 1363 626 1420 Λυπίων]
661 1361 842 1414 Amos
880 1367 1216 1427 assimilatione>
1239 1369 1389 1410 minus
1427 1370 1597 1411 usitata
1635 1381 1691 1411 ex

155 1446 359 1498 Λῦκτος,
401 1448 625 1502 quomodo
655 1449 800 1499 priore
830 1452 1033 1499 tempore
1062 1448 1170 1490 urbs
1202 1449 1376 1491 Cretica
1407 1444 1692 1501 nuncupaba-
1765 1431 1769 1445 ¹

156 1535 241 1579 tur,
270 1533 428 1576 natum
458 1533 539 1571 est.
602 1528 674 1571 Sic
704 1540 755 1569 ττ
786 1532 1042 1580 spectantur
1074 1530 1209 1571 etiam
1227 1530 1273 1569 in
1303 1530 1369 1571 tit.
1390 1531 1558 1579 Drerio,
1586 1532 1693 1573 Hie-
1753 1514 1770 1578 ᾗ

156 1610 619 1664 rapytn.-Lyttiorum
647 1610 827 1661 saepius
852 1612 988 1662 atque
1018 1612 1149 1651 etiam
1184 1612 1229 1651 in
1251 1603 1543 1661 jurejurando
1571 1612 1598 1652 1,
1621 1610 1691 1660 23,

158 1694 239 1735 sed
267 1693 371 1733 ibid.
401 1693 429 1733 l.
458 1691 525 1732 13.
548 1689 617 1732 21.
641 1690 696 1729 23
726 1684 909 1739 Λύκτος
939 1691 991 1731 cf.
1024 1690 1183 1732 Strabo
1214 1693 1264 1740 X,
1295 1704 1336 1743 p.
1360 1691 1457 1740 729,
1487 1692 1690 1747 Eustath.
1765 1689 1769 1703 ⁴

158 1773 333 1826 p.’313.
393 1772 565 1813 Vocem
597 1774 748 1813 autem
789 1770 843 1810 ad
873 1770 1066 1811 radicem
1097 1767 1178 1811 λυκ
1209 1763 1478 1827 (ἀμφιλύκη,
1517 1767 1694 1823 λευκός)
1767 1819 1769 1822 ,

158 1854 400 1900 retulerim,
425 1853 490 1893 ita
519 1856 569 1893 ut
595 1848 778 1899 Λύκτος
807 1852 913 1892 urbs
938 1853 1008 1899 sit,
1041 1863 1156 1903 quae
1186 1853 1231 1891 in
1260 1857 1413 1892 monte
1445 1855 1530 1893 sita
1557 1855 1694 1905 longe

160 1935 338 1987 lateque
369 1934 415 1975 in
442 1933 597 1994 oculos
625 1933 772 1974 luceat
802 1932 853 1973 cf.
871 1930 1014 1973 Strab.
1031 1933 1082 1982 X,
1111 1945 1155 1985 p.
1182 1931 1280 1981 729,
1307 1934 1510 1976 Eustath.
1532 1947 1575 1987 p.
1594 1934 1694 1984 313,
1725 1935 1740 1947 ’
1766 1973 1770 1998 Ξ

161 2014 312 2065 Steph.
343 2016 450 2065 Byz.
483 2025 518 2055 s.
553 2026 594 2054 v.
626 2006 741 2054 ἔνιοι
768 2008 951 2053 Λύττον
983 2009 1123 2067 φασὶν
1153 2005 1291 2066 αὐτήν
1323 2009 1401 2054 διὰ
1429 2010 1481 2055 τὰ
1509 2012 1696 2055 κεῖσθαι

160 2087 207 2134 ἐν
235 2088 449 2149 μετεώρῳ
488 2087 617 2148 τόπῳ
648 2101 659 2114 ·
690 2087 743 2133 τὸ
774 2088 857 2147 γὰρ
889 2083 982 2134 ἅνω
1011 2090 1087 2135 καὶ
1116 2086 1292 2148 ὑψηλὸν
1324 2090 1531 2135 λυττὸν
1562 2092 1693 2148 φασί,

161 2185 354 2227 quocum
383 2173 537 2226 glossa
564 2174 673 2214 Hes.
706 2173 897 2215 dialecto
925 2186 1082 2216 carens
1122 2176 1348 2216 consentit
1377 2167 1575 2214 λυττοί
1605 2185 1617 2197 ·
1648 2168 1695 2215 οὶ
1777 2183 1780 2226 j

160 2246 333 2309 ὖψηλοὶ
362 2249 513 2296 τόποι.
556 2277 615 2287 -
674 2256 871 2297 Eandem
908 2251 1273 2297 assimilationem
1305 2266 1525 2309 agnoscas
1556 2256 1603 2295 in
1634 2256 1693 2308 gl.
1778 2238 1780 2282 3

161 2336 270 2377 Hes.
302 2328 482 2376 λάττα
509 2345 519 2356 ·
546 2332 671 2387 μυῖα.
731 2330 1081 2393 Πολυῤ[ῥ]η’νιοι
1109 2337 1224 2388 (cod.
1256 2333 1521 2389 λατταμυῖα,
1555 2332 1694 2377 πολυ-
1779 2327 1780 2355 ³

161 2410 333 2470 ρήνιοι,
379 2416 546 2458 dudum
587 2417 760 2459 emend.
792 2418 879 2458 vid.
914 2420 975 2459 M.
1006 2418 1275 2460 Schmidtius
1304 2419 1458 2458 Philol.
1488 2419 1560 2458 XI.
1592 2417 1691 2467 398,

162 2498 333 2539 utinam
370 2498 567 2549 apertius
607 2499 877 2539 sententiam
924 2510 1051 2540 suam
1089 2497 1403 2550 explanasset).
1473 2498 1693 2550 Equidem

162 2570 310 2617 λάττα
349 2577 421 2629 (ex
452 2562 614 2626 Muza,
653 2578 707 2619 de
748 2574 775 2618 λ
813 2580 899 2621 vid.
929 2585 1020 2621 not.
1062 2580 1118 2620 ad
1149 2572 1460 2633 Βριτόμαρτιν
1496 2591 1612 2621 vers.
1649 2579 1694 2631 7)

163 2656 283 2699 idem
312 2668 415 2700 esse
444 2660 553 2710 puto
583 2660 716 2712 atque
746 2654 934 2716 ρήκτης,
978 2671 1065 2713 qua
1100 2660 1146 2700 in
1175 2670 1288 2701 voce
1328 2671 1421 2701 non
1454 2661 1602 2701 minus
1631 2660 1695 2701 di-

163 2737 385 2782 lacerandi
413 2740 538 2781 notio
567 2741 697 2790 inest,
731 2753 865 2793 quam
896 2742 941 2782 in
961 2742 1102 2783 altera
1128 2752 1311 2783 muscae
1334 2742 1695 2783 denominatione
