1780 3012
858 120 911 161 15

132 236 272 287 igitur-
295 244 351 276 a'n
368 224 575 278 -radicein
603 238 680 277 tan
710 235 771 289 (in
797 231 942 285 τόνος,
970 237 1137 277 tonitru
1165 237 1250 278 vid.
1284 237 1331 277 L.
1350 237 1507 288 Meyer
1540 235 1663 288 Vrgl.

134 317 207 357 Gr.
235 329 277 367 p.
301 315 413 370 406)
444 320 565 358 recte
593 299 875 368 agnoverim,
905 315 1022 357 unde
1058 312 1150 356 Τάν
1180 319 1252 358 vel
1286 311 1378 371 Τήν
1408 319 1436 358 i.
1462 329 1500 358 e.
1538 327 1666 371 „vsp-

132 392 403 452 πἰῠὲέροιυνος
427 393 732 449 Donnergott“
765 410 853 439 vox
882 396 1063 449 linguae
1094 398 1254 438 mirum
1282 409 1361 449 per
1389 399 1537 439 lusum
1567 398 1667 438 imi-

132 481 225 517 tata
252 472 354 533 Δη’ν
383 480 511 519 Jovis
540 479 729 519 lucentis
759 489 925 519 nomen
956 478 1239 528 processerit.

266 583 311 623 ’5.
377 572 529 637 Τῆνα
567 577 893 636 Βιδατάν*).
946 576 1060 628 Ζεὺς
1098 575 1299 629 Βιδατάς
1324 584 1452 633 eujus
1475 584 1566 624 fani
1601 581 1668 622 τῶ

135 647 348 704 Βιδατοῖω
387 664 433 705 in
473 665 539 705 tit.
575 639 688 705 Ven
728 664 782 704 23
814 665 980 705 mentio
1014 665 1107 705 fieri
1139 664 1327 712 videtur,
1367 664 1558 705 radicem
1586 659 1669 706 Fut

137 746 207 793 (cf.
247 742 398 785 πάντα
442 738 549 786 ἰδών
584 741 698 793 Διὸς
745 738 995 816 ὅφθαλμᾷς
1033 746 1138 786 Hes.
1180 744 1260 796 Op.
1305 743 1415 796 267)
1465 746 1667 796 prodere,

135 825 247 867 forte
279 827 361 868 vis.
425 826 511 868 Sed
538 813 688 867 1nalirn
716 827 908 868 radicem
931 826 1035 867 bidh
1067 827 1137 878 (de
1154 839 1242 879 qua
1263 827 1308 868 L.
1326 828 1540 878 Meyerp.
1561 824 1671 879 393)
1735 830 1737 854 ³

61 919 71 925 ”
138 918 407 959 agnoscere,
438 919 570 961 quam
604 908 689 948 etsi
717 905 805 958 βιθ
836 913 1084 958 exspectes,
1118 908 1252 949 Attici
1282 909 1392 948 mira
1422 909 1594 948 ratione
1623 908 1670 949 in

138 987 232 1029 πιθ
264 973 449 1041 (πέίθω,
483 973 718 1042 πιθανός),
749 990 901 1030 Cretes
941 994 1095 1030 contra
1128 990 1284 1041 spiritu
1317 992 1484 1032 omisso
1515 990 1561 1030 in
1592 985 1671 1042 βιδ

137 1069 236 1121 (pro
266 1068 385 1122 βιθ),
421 1070 611 1110 Romani
641 1071 686 1109 in
715 1069 775 1110 fid
805 1073 1042 1110 mutarunt.
1104 1071 1213 1111 Vult
1242 1072 1376 1123 igitur
1400 1067 1512 1120 Ζεύς
1527 1066 1670 1110 Βιδα-

136 1141 216 1201 τ’άς
245 1152 363 1193 idem
395 1151 513 1203 quod
534 1145 648 1199 Ζεὺς
667 1144 859 1199 Πίστιος
887 1153 958 1193 vel
991 1154 1111 1192 Deus
1124 1152 1296 1193 Fidius.
1353 1151 1497 1194 Simili
1520 1157 1684 1194 autem·

137 1213 306 1276 ratione
337 1231 523 1296 rnedia
570 1243 668 1283 pro
717 1232 972 1283 aspirata
1016 1235 1242 1285 spectatur
1280 1233 1325 1274 in
1365 1224 1671 1273 ἇλόαἰνεσθαι
1742 1293 1746 1294 ⁷

138 1314 207 1364 (cf.
238 1303 507 1363 ι’ίλθεσθαι),
539 1303 761 1367 ἐπήλυδες
790 1312 858 1362 (of.
887 1304 1100 1368 ἤλυθον),
1142 1315 1334 1368 denique
1365 1314 1530 1366 glossis
1561 1314 1670 1356 Hes.
1744 1367 1746 1369 ι

139 1386 446 1450 ἔνοργείας
484 1403 494 1414 ·
532 1385 613 1442 τὰς
649 1386 882 1442 νεοσσείας
925 1392 1118 1449 Κρῆτες,
1162 1396 1238 1436 ubi
1280 1394 1511 1436 Schowius
1550 1398 1671 1436 recte
1744 1390 1749 1408 ⁵

138 1460 346 1523 νεοσσίας
373 1475 504 1539 legit,
537 1475 700 1514 lemma
729 1475 848 1514 enim
876 1475 931 1516 ad
961 1467 1143 1530 ἐνόρχης
1174 1476 1390 1521 „testibus
1413 1476 1670 1527 praeditus·
1744 1487 1746 1490 ·

137 1557 409 1605 revocarim,
451 1557 496 1595 et
523 1547 702 1606 βακόν
733 1562 744 1574 ·
775 1548 910 1595 πισόν
937 1552 1113 1611 Κρῆτες
1146 1552 1259 1606 (cod.
1296 1549 1461 1605 πεσόν,
1494 1556 1670 1598 emend.

140 1634 393 1706 Guyetus)
381 1647 409 1675 1.
431 1645 469 1675 e.
500 1627 661 1703 φακόν.
672 1655 729 1662 -
770 1623 899 1685 Quod
926 1646 1032 1676 vero
1063 1636 1118 1676 ad
1146 1632 1350 1686 Βιδατας
1379 1638 1574 1678 nominis
1600 1649 1672 1679 ac·

139 1707 318 1760 eentum
346 1717 517 1764 attinet,
547 1700 705 1755 ultima
733 1715 888 1756 sillaba
912 1716 1112 1757 ornanda
1141 1717 1339 1766 videtur,
1372 1729 1474 1759 eum
1505 1730 1536 1758 α
1566 1715 1672 1761 ante

137 1810 219 1846 τας
249 1784 638 1838 inelinamentum
652 1795 772 1835 haud
809 1795 942 1836 dubie
972 1797 1188 1847 producta
1223 1801 1294 1839 est
1325 1799 1448 1838 velut
1486 1799 1531 1838 in
1561 1797 1674 1839 θεα-

138 1872 231 1932 τής.
292 1878 467 1919 Etenim
496 1887 682 1924 nomen,
713 1888 771 1917 ne
797 1878 885 1917 hoe
917 1889 947 1917 α
977 1889 1058 1928 pro
1089 1879 1231 1918 vocali
1263 1878 1491 1919 auxiliaria
1520 1878 1673 1919 vendi-

138 1962 222 2008 tes,
249 1969 339 1999 non
369 1969 395 1998 a
420 1954 499 2011 βιδ
536 1958 672 2011 stirpe
699 1957 818 2010 ipsa,
859 1957 938 1999 sed
972 1959 1105 2000 verbo
1144 1959 1250 2001 inde
1280 1959 1452 2001 deflexo
1483 1952 1620 2011 βιδά·
1634 1970 1671 1999 ω

137 2029 405 2092 provenerit.
1178 2040 1182 2045 ‘

281 2132 319 2172 5.
376 2123 511 2188 ’0ρά
524 2144 585 2187 ‘cp
598 2127 697 2184 ιον]
730 2142 810 2184 per
829 2127 954 2185 Ζῆνα
973 2122 1221 2186 Ὀροίτριον
1249 2132 1385 2184 Lyttii
1413 2133 1458 2173 in
1490 2132 1671 2174 foedere
1752 2144 1753 2147 ’

139 2224 314 2268 quoque
344 2225 446 2254 cum
471 2212 774 2264 Hierapytniis
802 2212 918 2253 facto
936 2214 1102 2264 jurant.
1131 2213 1184 2253 de
1212 2214 1405 2254 nominis
1436 2217 1588 2265 etymo
1615 2213 1669 2256 cf.

138 2277 230 2336 not.
260 2294 315 2335 ad
341 2289 607 2335 Βολοὲντιοι
636 2306 677 2335 v.
710 2293 750 2334 2.

280 2397 320 2439 5.
377 2390 737 2449 Ἀπόλλωνα]
766 2397 830 2438 sic
860 2396 1028 2436 habent
1056 2395 1272 2445 tit.2555,
1296 2396 1362 2436 13.
1394 2396 1460 2437 tit.
1490 2396 1671 2449 Hierap.
1705 2370 1710 2376 ’
1751 2448 1757 2454 ,

138 2480 256 2532 Lytt.
297 2478 366 2528 14,
401 2470 737 2521 Ἀπολλόδοτον
776 2480 846 2517 est
883 2477 929 2518 in
973 2478 1038 2518 tit.
1082 2478 1178 2518 Vax
1217 2490 1258 2518 v.
1300 2476 1349 2525 5,
1387 2478 1432 2517 in
1468 2477 1534 2518 tit.
1577 2478 1673 2520 solo
1754 2478 1757 2523 ζ

138 2563 260 2603 Drer.
291 2559 347 2600 20
363 2552 630 2602 Ἀπέλλωνα
659 2569 738 2609 per
767 2571 789 2599 ε
819 2560 1032 2611 scriptum
1061 2560 1234 2609 legitur.

277 2655 317 2694 6.
378 2647 607 2703 Πύτίον]
639 2653 667 2693 i.
701 2663 741 2695 e.
770 2646 971 2696 Πύθιον.
1031 2652 1218 2704 Saepius
1246 2652 1366 2694 enim
1398 2653 1554 2696 Cretes
1586 2653 1674 2705 spi-

278 2813 316 2858 *)
342 2814 563 2861 Rangabeus
589 2814 803 2852 transcribit
819 2810 894 2860 τήν
913 2809 1118 2861 ’aptam-v.
