1780 3012
0 150 7 175 Ν

746 119 754 127 ’
811 120 867 161 14

61 234 200 276 enim,
228 231 269 271 T
310 234 357 275 in
392 235 492 287 ipsa
527 234 733 277 vocabuli
768 235 914 278 fronte
951 247 1005 278 os
1045 236 1271 279 Creticum
1304 239 1425 281 haud
1469 238 1603 283 (lubic

63 320 348 368 aspernatum
382 320 463 357 est.
496 339 552 346 --
590 316 633 367 f)
664 317 826 359 deinde
852 313 997 367 Διὸς
1034 308 1174 375 ἄκρον
1206 321 1250 360 in
1281 321 1346 362 tit.
1378 321 1495 362 2554
1525 333 1604 364 ne-

63 397 158 438 scio
180 408 246 438 ,an
286 408 311 437 e
342 393 455 436 Δῖον
489 386 627 451 ἄκρον
664 398 723 439 sit
758 401 1036 450 corruptum,
1075 412 1165 453 quo
1209 401 1263 442 de
1299 413 1341 443 v.
1374 403 1601 457 Forbiger.

60 481 113 519 A.
146 478 311 530 Geogr.
346 479 426 525 ΙΙΙ,
465 490 508 528 p.
549 477 676 519 1032.
724 504 773 509 ——
814 480 918 520 Jam
953 481 1200 532 quaeritur,
1245 485 1393 523 utrum
1433 484 1604 525 formae

61 558 195 599 modo
225 560 512 599 enumeratae
542 568 701 599 omnes
727 559 783 599 ad
815 570 952 600 unam
979 561 1257 614 eandemque
1284 562 1477 605 radicem
1504 574 1605 616 per-

0 677 1 681 ,
60 641 234 682 tineant
262 651 426 681 annon.
496 639 708 681 Radicem
742 641 861 681 enim
892 643 1018 683 verbi
1047 637 1162 691 Ζεύς
1201 642 1281 694 (cf.
1309 655 1475 687 nomen
1502 637 1605 699 'pro-

60 723 207 773 prium
235 715 390 771 Διεύς,
431 721 636 763 Latinum
666 720 845 775 Diovis)
872 718 959 764 th
985 735 1110 774 esse,
1150 726 1270 768 unde
1299 721 1395 781 Ζήν
1434 730 1481 768 et
1504 721 1604 782 Δήν

61 804 159 854 (pro
190 800 363 851 AtFav)
394 807 493 843 orta
520 804 622 852 sint,
658 803 703 842 in
734 801 1116 855 vulgus'constat.
1188 805 1277 847 Sed
1311 810 1484 849 restant
1512 808 1603 849 for-
1632 863 1634 867 ,

0 890 18 913 ἓ
61 897 160 925 mae
190 885 322 924 unice
354 884 581 925 mirabiles
614 878 726 923 Τάν
758 888 804 925 et
835 881 970 939 Τή-ν,
999 887 1076 927 ubi
1105 889 1256 929 tenuis
1284 885 1484 930 co'nsona
1512 900 1605 930 me·

63 968 161 1007 diae
183 966 282 1007 vice
305 965 431 1016 fungi
451 975 686 1016 perperam
718 966 938 1006 statuitur.
998 967 1126 1009 Hanc
1159 968 1279 1009 enim
1309 970 1603 1010 mutationem

58 1051 104 1090 in
142 1049 326 1092 dubium
367 1047 634 1088 vocantibus
675 1047 880 1098 exempla
907 1047 1041 1089 nobis
1068 1059 1160 1089 non
1192 1051 1399 1099 veniunt,
1441 1050 1528 1091 nisi
1557 1051 1602 1090 in

60 1131 224 1184 quibus
254 1128 402 1171 media
430 1128 474 1169 vi
506 1127 698 1181 quadam
724 1128 896 1169 vicinae
925 1127 1154 1171 consonae
1183 1131 1257 1172 vel
1286 1129 1454 1171 vocalis
1483 1130 1602 1179 abiit,

58 1226 111 1255 ac
143 1213 323 1265 quidem
355 1225 410 1254 ex
441 1213 629 1253 dialecto
662 1211 865 1252 Cretensi
896 1201 1151 1260 ἆβλόπες
1168 1221 1178 1232 ·
1200 1202 1400 1262 ἀβλαβές
1422 1208 1604 1265 ’Κρῆτες

58 1296 104 1334 et
132 1285 416 1347 ἀροπῆἁαι
436 1303 446 1314 ·
470 1291 733 1347 παταγῆσαι
751 1288 929 1346 Κρῆτες
950 1290 1014 1332 sic
1036 1292 1157 1332 enim
1187 1291 1472 1334 scribendum
1492 1295 1602 1343 puto

58 1374 179 1424 (cod.
210 1370 450 1426 πατῆσαι),
478 1374 542 1413 ita
569 1376 620 1413 ut
650 1373 880 1425 glossema
909 1372 1057 1413 Attice
1079 1353 1309 1427 ἇραβῆσὰι
1335 1373 1406 1413 sit.
1443 1372 1600 1419 Vides,

56 1455 230 1496 Atticos
261 1454 332 1494 his
362 1454 410 1494 in
439 1453 627 1494 vocibus
649 1452 680 1505 β
707 1456 812 1504 post
834 1465 877 1501 α,
911 1452 1067 1494 Cretes
1098 1465 1135 1493 π
1164 1455 1480 1504 pronuntiasse
1503 1464 1600 1494 mu-

55 1539 149 1576 tato
177 1547 208 1574 α
237 1535 284 1574 in
316 1546 356 1575 o.
419 1535 523 1575 Jam
554 1534 813 1574 memineris
838 1543 1020 1585 quaeso,
1049 1535 1109 1577 ut,
1129 1523 1387 1575 mutationis
1418 1544 1600 1575 causam

56 1617 337 1668 indagemus,
372 1625 397 1653 o
429 1617 474 1655 et
499 1613 531 1666 β
560 1617 683 1655 arcto
703 1614 986 1665 cognationis
1017 1613 1135 1654 nodo
1165 1624 1319 1655 secum
1349 1614 1601 1663 cohaerere,
1669 1636 1679 1643 ν

57 1706 197 1738 sonus
236 1695 356 1736 enirn
393 1695 440 1735 in
470 1706 495 1735 ο
526 1694 672 1736 vocali
711 1693 978 1746 proferenda
1015 1694 1071 1735 ad
1111 1694 1295 1743 labium,
1336 1705 1425 1747 quo
1465 1695 1600 1736 etiam

53 1777 85 1829 β
112 1777 323 1824 efficitur,
362 1776 547 1826 propius
588 1775 769 1816 accedit.
832 1776 958 1826 Quae
996 1786 1099 1815 eum
1129 1775 1193 1815 ita
1222 1776 1335 1824 sint,
1376 1775 1531 1816 Cretes
1569 1773 1602 1827 β

54 1860 159 1909 post
197 1867 222 1895 ο
253 1854 451 1906 positum
489 1856 537 1896 in
566 1864 770 1903 tenuem,
812 1855 978 1907 quippe
1015 1867 1130 1908 quae
1170 1856 1216 1897 vi
1259 1855 1380 1898 certe
1418 1855 1600 1907 spiritus

56 1938 112 1978 ab
136 1938 213 1977 illo
238 1935 430 1976 multum
457 1935 616 1982 distet,
646 1938 847 1975 mutasse
877 1935 1110 1983 videntur,
1151 1947 1254 1976 eum
1282 1935 1315 1988 β
1343 1936 1421 1976 ubi
1452 1946 1477 1975 ο
1501 1936 1599 1976 lite-

55 2028 150 2059 ram
170 2015 300 2058 valde
330 2014 524 2055 similem
545 2015 757 2067 sequitur,
789 2026 926 2068 aegre
954 2015 1296 2067 pronuntiarint,
1315 2037 1371 2045 —
1405 2015 1492 2058 Sed
1512 2016 1600 2058 huc

54 2110 148 2146 non
177 2097 405 2149 pertinent
435 2097 625 2149 glossae,
646 2098 754 2138 Hes.
784 2089 1047 2153 κηρούει·
1069 2090 1164 2136 ἐκεῖ
1180 2091 1357 2151 Κρῆτας
1386 2096 1599 2149 (legerim

52 2172 193 2235 ἠχεῖ),
233 2177 354 2231 quod
395 2177 601 2230 quamvis
630 2171 785 2232 γηρύει
816 2178 947 2219 valde
978 2178 1152 2226 alludit,
1182 2177 1251 2219 'ad
1290 2178 1474 2230 stirpem
1512 2190 1599 2234 καρ

50 2254 230 2315 (κῆρυξ)
260 2259 561 2300 revocandum
591 2262 662 2299 est
694 2278 749 2286 —
783 2252 998 2312 κλάγος
1026 2267 1037 2278 ·
1067 2251 1232 2312 γλάγος
1261 2255 1441 2313 Κρῆτες
1478 2257 1598 2311 quod
1629 2307 1632 2309 ‚

52 2342 109 2381 H.
140 2340 358 2382 Weberus
383 2337 471 2392 (Et.
493 2340 668 2381 Unters.
692 2340 822 2380 Halle
854 2338 984 2386 1861,
1014 2350 1057 2389 p.
1084 2337 1150 2387 76,
1183 2341 1274 2379 not.
1306 2337 1380 2390 35)
1413 2338 1469 2379 ad
1500 2339 1598 2380 stir-

52 2432 158 2473 pem
189 2416 275 2459 κλα
308 2422 363 2468 (a
394 2415 500 2466 καλ,
530 2412 693 2468 καλός,
727 2421 797 2461 cui
826 2421 951 2461 notio
978 2418 1197 2460 candendi
1226 2419 1361 2469 insit)
1393 2423 1598 2471 spectare

52 2503 196 2544 docet.
224 2523 280 2530 -—
311 2500 515 2553 Denique
551 2501 597 2540 in
623 2492 1011 2556 Ἀρταμίτιος
1048 2501 1115 2542 tit.
1142 2500 1243 2542 Arc.
1284 2511 1326 2540 v.
1364 2500 1387 2539 1
1427 2499 1598 2541 mensis

50 2585 257 2631 nomine,
298 2582 419 2635 quod
450 2593 476 2621 a
507 2582 718 2632 genetivo
761 2582 925 2623 Dorico
947 2574 1223 2637 Ἅρτάμιτος
1260 2580 1480 2622 deflexum
1513 2583 1596 2629 est,

52 2665 262 2708 suffixum
294 2675 337 2716 ιτ
360 2665 499 2712 inest,
544 2674 571 2702 a
601 2673 689 2713 quo
723 2658 770 2702 ιδ
793 2662 925 2713 plane
958 2662 1186 2704 diversum
1224 2660 1297 2702 vel
1324 2663 1471 2701 ortum
1512 2663 1595 2709 est,

50 2746 78 2790 δ
108 2748 231 2790 enim
262 2756 318 2786 ex
347 2758 374 2785 τ
406 2744 586 2796 saepius
614 2743 832 2795 provenit.
871 2762 929 2771 —
970 2743 1059 2785 Sed
1089 2746 1141 2784 ut
1169 2741 1226 2784 ad
1250 2741 1414 2784 Jovem
1443 2741 1598 2783 redeat

50 2829 269 2886 quaestio,
299 2837 392 2869 non
410 2816 608 2876 dixerim,
640 2835 730 2878 qua
750 2824 794 2866 vi
818 2817 911 2880 Τήν
928 2834 984 2867 ex
1005 2817 1102 2879 Δήν
1121 2821 1328 2872 evaserit,
1359 2832 1412 2865 ac
1441 2823 1594 2865 nescio
